stock_locate,tracking_number,timestamp,order_reference_number,executed_shares,match_number,printable,execution_price
7603,1,0 days 09:28:06.523596953,9489356,100,50460,0,41800
3672,1,0 days 09:30:00.000995068,5674522,54,53496,0,404300
4462,1,0 days 09:30:00.009821572,5500734,100,53722,0,536200
4462,3,0 days 09:30:00.009821572,5500738,100,53724,0,536200
4462,4,0 days 09:30:00.009821572,5500742,100,53725,0,536200
393,1,0 days 09:30:00.021670510,6443605,900,53829,0,18740000
330,1,0 days 09:30:00.021847743,7852613,64,53831,0,125400
6681,2,0 days 09:30:00.067161392,7506259,83,57670,0,2114400
6118,2,0 days 09:30:00.069275183,7545287,100,57715,1,393000
3843,1,0 days 09:30:00.069618102,5364118,100,57717,0,7050
835,2,0 days 09:30:00.078641125,7696217,331,57956,0,537400
4987,1,0 days 09:30:00.079846931,5369091,423,58052,0,2750
4987,2,0 days 09:30:00.079846931,5757887,277,58053,0,2750
8191,1,0 days 09:30:00.088910952,9896248,40,59197,0,330900
4040,1,0 days 09:30:00.089856722,3668562,150,59301,0,3700
4040,2,0 days 09:30:00.089856722,3668566,4,59302,0,3700
4873,1,0 days 09:30:00.092891065,4997931,200,59803,0,11000
4873,2,0 days 09:30:00.092891065,5158203,2,59804,0,11000
4873,3,0 days 09:30:00.092891065,5536495,50,59805,0,11000
4534,1,0 days 09:30:00.097161992,5671426,93,59876,0,163000
3450,1,0 days 09:30:00.100249396,5671062,370,60008,0,57900
4616,1,0 days 09:30:00.102788532,5587026,100,60295,0,4600
4175,1,0 days 09:30:00.104031426,4415362,400,60519,0,239000
5747,1,0 days 09:30:00.104456406,7505055,49,60585,0,585600
1736,1,0 days 09:30:00.108544288,7853209,14,61655,0,478700
5686,2,0 days 09:30:00.108576242,7563231,200,61689,1,336500
3594,1,0 days 09:30:00.108900177,2697994,2,61787,0,135000
5274,1,0 days 09:30:00.110694525,7506935,2194,62367,0,266000
8052,1,0 days 09:30:00.114877743,9897728,229,63348,0,550400
4105,1,0 days 09:30:00.117819020,5672534,47,63848,0,3322500
7480,1,0 days 09:30:00.118721621,7193544,5,63893,0,15000
7480,2,0 days 09:30:00.118721621,8379240,600,63894,0,15000
5290,1,0 days 09:30:00.119374057,7503267,26,63971,0,633700
7956,1,0 days 09:30:00.120296501,8673184,762,64042,0,8580
4655,1,0 days 09:30:00.120698213,5672426,21,64082,0,339900
5241,1,0 days 09:30:00.121232303,7502811,52,64179,0,220200
2133,1,0 days 09:30:00.125286726,5521861,10,64943,0,33000
2133,2,0 days 09:30:00.125286726,7455889,20,64944,0,33000
8774,1,0 days 09:30:00.127524430,9895716,220,65075,0,146000
681,1,0 days 09:30:00.127781108,5960817,2,65081,0,11100
4689,1,0 days 09:30:00.128591280,3754730,136,65128,0,37300
4806,1,0 days 09:30:00.130661307,6490559,2,65297,0,15200
514,1,0 days 09:30:00.130885084,6330141,100,65333,0,5600
2128,1,0 days 09:30:00.131426785,7823993,100,65403,0,149500
2128,2,0 days 09:30:00.131426785,7824001,300,65404,0,149500
2128,3,0 days 09:30:00.131426785,7687133,300,65405,0,149500
2128,4,0 days 09:30:00.131426785,7687225,100,65406,0,149500
2128,6,0 days 09:30:00.131426785,7687221,100,65408,0,149500
2128,11,0 days 09:30:00.131426785,7688849,131,65413,0,149500
7714,1,0 days 09:30:00.132612743,9895464,227,65643,0,64500
91,3,0 days 09:30:00.133706775,7851977,348,65871,0,100600
2935,1,0 days 09:30:00.136850736,4072782,1,66596,0,33400
7913,1,0 days 09:30:00.137536048,9895616,5,66867,0,130400
5546,1,0 days 09:30:00.141476892,7505887,294,67219,0,216100
7459,1,0 days 09:30:00.144873824,9859548,900,67335,0,281600
7459,2,0 days 09:30:00.144873824,9859576,1736,67336,0,281600
3425,1,0 days 09:30:00.148255317,5445106,300,67529,0,203600
3425,2,0 days 09:30:00.148255317,5361726,60,67530,0,203600
4088,1,0 days 09:30:00.150572931,3821642,10,68169,0,23100
6118,2,0 days 09:30:00.155334844,7567095,100,68367,1,392900
8705,1,0 days 09:30:00.155624679,7346120,130,68381,0,22400
912,1,0 days 09:30:00.158028704,5638941,10,68643,0,12200
8111,1,0 days 09:30:00.159050209,9896040,42,68665,0,524200
1414,1,0 days 09:30:00.159401719,7853961,129,68703,0,160200
6514,1,0 days 09:30:00.161496207,7503103,8,68769,0,512200
5923,1,0 days 09:30:00.161712026,7503147,306,68773,0,79300
7068,1,0 days 09:30:00.162466858,7505827,4767,68784,0,85300
3791,1,0 days 09:30:00.165587060,5672690,126,68891,0,149000
7510,1,0 days 09:30:00.166248607,7963756,42,68941,0,99700
8169,1,0 days 09:30:00.173259563,9897288,190,69511,0,80800
2192,1,0 days 09:30:00.174222541,7852873,874,69617,0,60000
1366,3,0 days 09:30:00.178642543,7851981,193,70314,0,59000
2747,1,0 days 09:30:00.179108119,5671798,14,70443,0,401200
1437,1,0 days 09:30:00.179684007,7829017,1033,70603,0,302000
4865,1,0 days 09:30:00.181072590,5597435,93,70955,0,3500
3094,1,0 days 09:30:00.181317329,5671010,2,71036,0,629400
3973,1,0 days 09:30:00.181826215,2520042,200,71208,0,338600
1340,1,0 days 09:30:00.181949672,7686877,100,71242,0,265600
1340,2,0 days 09:30:00.181949672,7686881,34,71243,0,265600
2926,2,0 days 09:30:00.182815749,5511438,100,71409,0,253200
7673,1,0 days 09:30:00.187080800,9895984,202,72185,0,69100
75,1,0 days 09:30:00.192675353,7916105,200,73895,0,26600
75,2,0 days 09:30:00.192675353,7916325,700,73896,0,26600
6360,1,0 days 09:30:00.201645286,5120279,1,75753,0,85800
736,1,0 days 09:30:00.204275419,7853501,42,76555,0,369400
5197,2,0 days 09:30:00.206034393,5616715,500,76980,0,14100
4090,1,0 days 09:30:00.206296542,5671978,22,77022,0,281700
105,1,0 days 09:30:00.207218596,7695237,100,77216,0,446100
105,2,0 days 09:30:00.207218596,7695241,100,77217,0,446100
105,3,0 days 09:30:00.207218596,7789601,100,77218,0,446100
105,4,0 days 09:30:00.207218596,7789605,100,77219,0,446100
201,1,0 days 09:30:00.207992553,7392513,1,77234,0,47200
1195,1,0 days 09:30:00.208635142,6016901,2,77249,0,166100
1764,1,0 days 09:30:00.210243258,7855633,266,77285,0,2690500
7711,2,0 days 09:30:00.211142984,8406620,1750,77306,0,23500
3035,1,0 days 09:30:00.211291244,5673186,234,77312,0,260100
7828,2,0 days 09:30:00.213497615,6565132,100,77382,0,35400
4191,2,0 days 09:30:00.214703037,5672850,183,77409,0,143300
198,1,0 days 09:30:00.214974759,5616281,47,77415,0,23400
198,2,0 days 09:30:00.214974759,5616285,20,77416,0,23400
198,3,0 days 09:30:00.214974759,5616289,200,77417,0,23400
198,4,0 days 09:30:00.214974759,5853793,200,77418,0,23400
8386,1,0 days 09:30:00.224842051,7540352,3,77733,0,82900
7974,1,0 days 09:30:00.229916859,7520108,2,77916,0,363000
5686,2,0 days 09:30:00.230034516,7563231,240,77922,1,336500
3614,1,0 days 09:30:00.240124916,5673430,366,81028,0,256700
7225,1,0 days 09:30:00.243648019,9953804,250,82800,0,521600
7875,1,0 days 09:30:00.244527192,8670928,7,83130,0,12800
8697,3,0 days 09:30:00.247386906,9864920,50,84264,0,104600
8697,4,0 days 09:30:00.247386906,9760540,57,84265,0,104600
8665,1,0 days 09:30:00.250660794,9895608,435,84974,0,65200
5201,1,0 days 09:30:00.252272243,6042795,47,85395,0,200000
6254,1,0 days 09:30:00.254177454,7502611,77,86270,0,82700
5841,1,0 days 09:30:00.257267981,7503643,205,86694,0,149600
7850,1,0 days 09:30:00.258064399,7448308,2,86717,0,53700
6441,2,0 days 09:30:00.258382507,7430919,100,86724,0,27000
6441,3,0 days 09:30:00.258382507,3814759,290,86725,0,27000
6441,4,0 days 09:30:00.258382507,7434315,1385,86726,0,27000
5773,1,0 days 09:30:00.259789152,6850355,300,86768,0,19000
4811,1,0 days 09:30:00.261411918,7438407,700,86807,0,4200
1419,1,0 days 09:30:00.262771521,7854077,811,86838,0,181500
6520,1,0 days 09:30:00.262825204,7439195,1000,86844,0,249700
6520,2,0 days 09:30:00.262825204,7507023,1973,86845,0,249700
293,1,0 days 09:30:00.263931037,5617733,47,86875,0,10500
2699,1,0 days 09:30:00.264076499,5672994,1374,86881,0,73400
4249,1,0 days 09:30:00.265118558,5673690,155,86923,0,119800
3777,1,0 days 09:30:00.267278600,3663518,25,86976,0,29000
7479,5,0 days 09:30:00.267726430,9842348,3797,86995,0,155000
7479,6,0 days 09:30:00.267726430,9842340,4200,86996,0,155000
5756,2,0 days 09:30:00.269265682,3345947,128,87065,0,251800
2166,1,0 days 09:30:00.269521927,7854245,692,87071,0,140200
3047,2,0 days 09:30:00.273588588,5443846,425,87161,0,24000
3047,3,0 days 09:30:00.273588588,4058754,100,87162,0,24000
3047,4,0 days 09:30:00.273588588,4281894,300,87163,0,24000
3047,5,0 days 09:30:00.273588588,4393042,700,87164,0,24000
2464,1,0 days 09:30:00.273787170,5674306,29,87172,0,506900
1784,1,0 days 09:30:00.274626069,7852117,306,87205,0,85000
1784,2,0 days 09:30:00.274626069,7852125,96,87206,0,85000
6179,1,0 days 09:30:00.275270430,6097735,1000,87223,0,11700
406,1,0 days 09:30:00.275966494,7830901,300,87243,0,298600
406,2,0 days 09:30:00.275966494,7801317,400,87244,0,298600
406,3,0 days 09:30:00.275966494,7801321,400,87245,0,298600
406,4,0 days 09:30:00.275966494,7801329,400,87246,0,298600
406,6,0 days 09:30:00.275966494,7801333,77,87248,0,298600
1253,1,0 days 09:30:00.276348981,5647169,1,87260,0,213300
6397,1,0 days 09:30:00.277307403,7507019,22,87282,0,807300
1013,1,0 days 09:30:00.277317225,7852665,48,87285,0,165500
2802,1,0 days 09:30:00.277892307,73778,10,87303,0,261400
1716,1,0 days 09:30:00.279372058,7855189,179,87361,0,660000
6362,1,0 days 09:30:00.279917884,7502879,95,87378,0,94000
3702,2,0 days 09:30:00.280559256,5811006,100,87395,1,16000
4283,2,0 days 09:30:00.281263796,5347202,20,87421,0,46000
4468,2,0 days 09:30:00.283759864,5811990,85,87473,1,422000
6109,1,0 days 09:30:00.284097903,7504339,652,87477,0,231200
7719,1,0 days 09:30:00.284317468,9981108,200,87488,0,325000
4707,1,0 days 09:30:00.285491938,5672406,163,87516,0,198500
2462,1,0 days 09:30:00.287099686,3726502,80,87593,0,4852
7353,1,0 days 09:30:00.288654185,9895612,93,87630,0,110400
3153,1,0 days 09:30:00.288880858,5676818,2,87636,0,415300
3153,2,0 days 09:30:00.288880858,3596266,5,87637,0,415300
7180,1,0 days 09:30:00.290198941,7502707,9,87678,0,212500
2187,1,0 days 09:30:00.291443820,7929093,200,87718,0,299300
6875,1,0 days 09:30:00.292416669,7503139,177,87773,0,217100
6766,1,0 days 09:30:00.292457357,7503687,36,87775,0,393000
5783,1,0 days 09:30:00.294212151,3798971,800,87814,0,4100
5783,2,0 days 09:30:00.294212151,7196711,95,87815,0,4100
8315,1,0 days 09:30:00.296133763,9895840,32,87891,0,148600
5924,1,0 days 09:30:00.296786706,7504039,65,87906,0,169000
993,2,0 days 09:30:00.297127364,7852441,165,87916,0,120800
5332,5,0 days 09:30:00.298629313,7503631,198,87999,0,537700
5332,6,0 days 09:30:00.298629313,7503679,200,88000,0,537700
5332,7,0 days 09:30:00.298629313,7503955,200,88001,0,537700
5332,9,0 days 09:30:00.298629313,7245503,100,88003,0,537700
5332,10,0 days 09:30:00.298629313,7507443,740,88004,0,537700
7599,1,0 days 09:30:00.302760796,8459176,1600,88081,0,92500
2631,1,0 days 09:30:00.303475196,5673350,47,88136,0,265300
7851,1,0 days 09:30:00.304085937,8712652,1010,88149,0,4404
428,1,0 days 09:30:00.304278731,7851693,7,88155,0,136800
4862,2,0 days 09:30:00.304494468,7503543,199,88162,0,148100
8072,2,0 days 09:30:00.304883656,9898512,97,88170,0,885100
2257,1,0 days 09:30:00.305080365,5513537,41,88196,0,15500
2257,2,0 days 09:30:00.305080365,7656565,65,88197,0,15500
3435,1,0 days 09:30:00.305494471,3830438,1,88225,0,2900
3435,2,0 days 09:30:00.305494471,3810194,200,88226,0,2900
3435,3,0 days 09:30:00.305494471,3169898,500,88227,0,2900
3435,4,0 days 09:30:00.305494471,2490402,448,88228,0,2900
2764,2,0 days 09:30:00.306187779,5818766,10,88259,1,14400
2764,2,0 days 09:30:00.306262761,5818766,2000,88260,1,14400
2764,2,0 days 09:30:00.306295453,5818766,1000,88261,1,14400
2764,2,0 days 09:30:00.306414260,5818766,1000,88265,1,14400
2764,2,0 days 09:30:00.306589900,5818766,623,88305,1,14400
2764,2,0 days 09:30:00.306595271,5818766,3100,88306,1,14400
2764,2,0 days 09:30:00.306600057,5818766,1000,88307,1,14400
2764,2,0 days 09:30:00.306601876,5818766,1500,88308,1,14400
2764,2,0 days 09:30:00.306604791,5818766,350,88309,1,14400
2764,2,0 days 09:30:00.306646090,5818766,1500,88310,1,14400
2764,2,0 days 09:30:00.306701737,5818766,1000,88312,1,14400
2764,2,0 days 09:30:00.306750439,5818766,100,88314,1,14400
7585,1,0 days 09:30:00.306890706,7587244,45,88317,0,2500
7585,2,0 days 09:30:00.306890706,9618452,100,88318,0,2500
6248,2,0 days 09:30:00.310707660,7492547,16,88570,0,31000
6248,3,0 days 09:30:00.310707660,2805235,100,88571,0,31000
6248,4,0 days 09:30:00.310707660,4092379,3000,88572,0,31000
6248,5,0 days 09:30:00.310707660,5118427,42,88573,0,31000
8212,1,0 days 09:30:00.312543963,9896816,16,88708,0,413900
6118,2,0 days 09:30:00.312691415,7617971,4,88713,1,392900
7148,1,0 days 09:30:00.313536187,7503339,427,88780,0,154700
3735,1,0 days 09:30:00.313595695,5721546,102,88784,0,185700
3735,2,0 days 09:30:00.313595695,5673802,624,88785,0,185700
4562,1,0 days 09:30:00.317283377,5671830,54,89441,0,221600
61,1,0 days 09:30:00.320013188,7851689,313,89808,0,83000
74,1,0 days 09:30:00.320501633,7850733,100,89915,0,357200
7462,2,0 days 09:30:00.325140480,10000996,85,90291,1,221200
7462,4,0 days 09:30:00.325140480,10001012,65,90292,1,221200
8010,2,0 days 09:30:00.325790180,9191096,128,90329,0,1900
8010,3,0 days 09:30:00.325790180,8736316,50,90330,0,1900
8010,4,0 days 09:30:00.325790180,9368268,2000,90331,0,1900
8270,1,0 days 09:30:00.326315337,7276836,99,90340,0,23000
8270,2,0 days 09:30:00.326315337,8405408,50,90341,0,23000
5885,1,0 days 09:30:00.326591966,7502935,127,90350,0,99200
2273,1,0 days 09:30:00.327393660,5671910,43,90404,0,202700
6541,5,0 days 09:30:00.328946025,7537943,100,90467,0,191700
2766,1,0 days 09:30:00.330093467,5674118,32,90523,0,808000
8380,2,0 days 09:30:00.330377424,9896140,106,90532,0,96900
3262,1,0 days 09:30:00.333198862,5671294,25,90747,0,191800
1868,2,0 days 09:30:00.333923692,7387561,100,90808,0,105000
1868,3,0 days 09:30:00.333923692,7719929,400,90809,0,105000
1868,4,0 days 09:30:00.333923692,7755825,100,90810,0,105000
1868,5,0 days 09:30:00.333923692,7755841,120,90811,0,105000
2764,2,0 days 09:30:00.335099348,5818766,500,90970,1,14400
6749,1,0 days 09:30:00.335429139,4975695,20,91007,0,12200
6749,2,0 days 09:30:00.335429139,5762443,500,91008,0,12200
8764,1,0 days 09:30:00.335796969,8573208,4,91067,0,46000
1637,2,0 days 09:30:00.339156691,7998249,3,92225,1,2942000
8749,5,0 days 09:30:00.339758425,9898628,114,92543,0,981000
8749,7,0 days 09:30:00.339758425,9896892,80,92545,0,981000
2918,1,0 days 09:30:00.341436519,5674538,110,92734,0,126900
4442,1,0 days 09:30:00.341726310,5675570,4,92815,0,1679700
6922,1,0 days 09:30:00.341860388,7503655,139,92843,0,230000
2099,1,0 days 09:30:00.342498714,7853613,236,93086,0,229500
7120,1,0 days 09:30:00.342793507,7505339,245,93157,0,194800
5671,1,0 days 09:30:00.343494808,4997743,50,93264,0,8700
471,4,0 days 09:30:00.343737489,7852737,1177,93307,0,55500
1925,2,0 days 09:30:00.344035977,7758321,200,93400,0,110800
1925,3,0 days 09:30:00.344035977,7758329,300,93401,0,110800
1925,4,0 days 09:30:00.344035977,7755353,100,93402,0,110800
1925,5,0 days 09:30:00.344035977,7758213,55,93403,0,110800
4352,1,0 days 09:30:00.344205268,79010,251,93443,0,6764
4352,2,0 days 09:30:00.344205268,4025774,1,93444,0,6764
5738,1,0 days 09:30:00.345109826,7503487,221,93615,0,162900
8478,2,0 days 09:30:00.345514463,9635164,2003,93722,0,884900
931,1,0 days 09:30:00.345845399,7643453,200,93785,0,73300
8863,1,0 days 09:30:00.348347350,9064684,1920,94098,0,11600
8874,1,0 days 09:30:00.348776413,9895940,113,94161,0,67700
6250,1,0 days 09:30:00.354380286,7261655,1000,95662,0,344900
7553,1,0 days 09:30:00.354518793,9897720,186,95679,0,845800
6720,1,0 days 09:30:00.355099744,5923095,4000,95722,0,8000
6651,2,0 days 09:30:00.355489653,7505231,713,95743,0,183000
1967,1,0 days 09:30:00.356460648,7853657,640,95829,0,146600
4375,2,0 days 09:30:00.358087328,5622414,100,96008,0,528700
6554,1,0 days 09:30:00.360435285,7512671,300,96417,0,741400
2704,1,0 days 09:30:00.361205188,4058522,1,96494,0,7400
2721,2,0 days 09:30:00.362234614,5342314,1218,96678,0,271900
396,1,0 days 09:30:00.362736105,7852293,31,96745,0,1161100
1470,1,0 days 09:30:00.364333513,5659229,60,96928,0,16200
3364,1,0 days 09:30:00.365352169,5671970,41,97242,0,111000
4463,2,0 days 09:30:00.366914110,3594978,400,97758,0,85000
7595,2,0 days 09:30:00.369698635,9953772,398,98302,0,264700
8879,2,0 days 09:30:00.370089133,9898460,168,98317,0,665600
7420,1,0 days 09:30:00.372109591,9489944,2850,98469,0,36000
2656,1,0 days 09:30:00.376703823,5676934,76,98852,0,260600
2151,1,0 days 09:30:00.378627278,7851781,90,98986,0,156100
4852,1,0 days 09:30:00.378659932,7502451,112,98989,0,71200
6637,3,0 days 09:30:00.379646362,4842467,750,99077,0,60500
6869,1,0 days 09:30:00.380241669,5652599,287,99122,0,69700
6869,2,0 days 09:30:00.380241669,6129935,1,99123,0,69700
1563,1,0 days 09:30:00.381489110,7851753,83,99219,0,86500
8591,1,0 days 09:30:00.381785522,9895632,147,99247,0,137000
5403,1,0 days 09:30:00.382192819,7505091,7,99271,0,425000
4901,1,0 days 09:30:00.382367192,7503155,316,99283,0,73900
2149,1,0 days 09:30:00.382767291,7646461,593,99309,0,160800
6199,3,0 days 09:30:00.383668843,5563159,784,99363,0,385000
5922,1,0 days 09:30:00.385688725,7504087,1081,99501,0,69500
7184,1,0 days 09:30:00.386801259,7503127,276,99583,0,84900
1005,2,0 days 09:30:00.386932840,8012037,300,99609,1,182400
5898,1,0 days 09:30:00.387360310,4975619,4,99658,0,37200
8046,1,0 days 09:30:00.387589464,9896408,152,99675,0,220800
4468,2,0 days 09:30:00.393439810,5811990,215,100231,1,422000
5506,1,0 days 09:30:00.394957526,3105879,102,100366,0,251800
5506,3,0 days 09:30:00.394957526,4635,300,100368,0,251800
594,1,0 days 09:30:00.396190955,7852473,147,100594,0,283300
4142,1,0 days 09:30:00.396644535,5675022,88,100661,0,882700
1937,1,0 days 09:30:00.397188447,7854693,47,100731,0,639400
8292,1,0 days 09:30:00.397522727,9953044,900,100766,0,13600
8292,2,0 days 09:30:00.397522727,9953080,200,100767,0,13600
8292,4,0 days 09:30:00.397522727,9801720,3000,100769,0,13600
7891,1,0 days 09:30:00.398650178,8067156,100,100878,0,5115
7891,2,0 days 09:30:00.398650178,5736004,100,100879,0,5115
7891,3,0 days 09:30:00.398650178,8165200,5,100880,0,5115
295,1,0 days 09:30:00.399057988,7854753,460,100919,0,204100
980,1,0 days 09:30:00.399448033,7851685,18,100956,0,209600
8550,1,0 days 09:30:00.400274439,9717324,600,101037,0,256800
415,1,0 days 09:30:00.403760163,7853609,27,101658,0,2585200
6152,1,0 days 09:30:00.407062665,7502863,683,102143,0,50500
6152,2,0 days 09:30:00.407062665,3816323,18,102144,0,50500
8719,1,0 days 09:30:00.409835689,9896244,148,102486,0,191800
7244,1,0 days 09:30:00.413761856,9897736,1088,103239,0,89900
3079,1,0 days 09:30:00.413941368,5671614,209,103274,0,95000
2617,1,0 days 09:30:00.414115492,5670998,136,103308,0,67300
3555,1,0 days 09:30:00.416314292,3660446,400,103652,0,13800
3555,2,0 days 09:30:00.416314292,4230278,517,103653,0,13800
3555,3,0 days 09:30:00.416314292,3595806,500,103654,0,13800
8530,2,0 days 09:30:00.417405879,9968792,117,103789,0,590900
8905,3,0 days 09:30:00.417547378,9895808,898,103815,0,57000
7686,1,0 days 09:30:00.421456182,9518048,365,104008,0,2020
347,1,0 days 09:30:00.422884467,7852141,10,104123,0,187000
8456,1,0 days 09:30:00.423312128,9896920,52,104166,0,1484800
4594,1,0 days 09:30:00.424912610,5671002,79,104312,0,84400
1976,3,0 days 09:30:00.426967873,6090613,5000,104427,0,3860
1439,1,0 days 09:30:00.427553510,5520397,1,104472,0,7900
5863,1,0 days 09:30:00.436756903,7472387,4050,106619,0,4800
5863,3,0 days 09:30:00.436756903,7245415,100,106621,0,4800
5863,4,0 days 09:30:00.436756903,7252115,500,106622,0,4800
5863,5,0 days 09:30:00.436756903,7325147,500,106623,0,4800
5863,6,0 days 09:30:00.436756903,7363515,100,106624,0,4800
3873,1,0 days 09:30:00.438758776,2868386,1610,106826,0,9800
89,1,0 days 09:30:00.439764029,7856053,98,107039,0,3303500
8670,1,0 days 09:30:00.441878722,9186784,500,107168,0,26500
591,2,0 days 09:30:00.444911422,7853065,374,107344,0,165500
6505,1,0 days 09:30:00.445292198,7507119,126,107364,0,624800
5968,1,0 days 09:30:00.445496979,7503883,134,107391,0,52400
6602,1,0 days 09:30:00.445668313,7505455,219,107397,0,466100
4173,1,0 days 09:30:00.447299084,5673342,19,107495,0,71200
4173,2,0 days 09:30:00.447299084,3595678,42,107496,0,71200
4173,3,0 days 09:30:00.447299084,3596598,44,107497,0,71200
4173,4,0 days 09:30:00.447299084,3599954,100,107498,0,71200
4173,5,0 days 09:30:00.447299084,3672126,16,107499,0,71200
4173,6,0 days 09:30:00.447299084,3672130,2,107500,0,71200
1640,1,0 days 09:30:00.447779075,7855721,182,107517,0,1505200
1640,2,0 days 09:30:00.447779075,7924153,21,107518,0,1505200
4744,1,0 days 09:30:00.451061749,7503323,169,107685,0,176100
4603,2,0 days 09:30:00.452193142,5672822,28,107748,0,1780200
5129,1,0 days 09:30:00.452880809,5591027,959,107781,0,34800
5129,2,0 days 09:30:00.452880809,6047747,148,107782,0,34800
5129,3,0 days 09:30:00.452880809,4977211,1,107783,0,34800
272,1,0 days 09:30:00.454074379,5278049,500,107841,0,103400
2881,1,0 days 09:30:00.457598333,5675034,438,108108,0,308300
5670,1,0 days 09:30:00.457786268,7505447,492,108115,0,336300
387,1,0 days 09:30:00.458474808,5528309,2,108172,0,8700
7815,1,0 days 09:30:00.461100131,9897256,16,108346,0,709000
2701,1,0 days 09:30:00.461355750,3709206,30,108370,0,95000
3545,1,0 days 09:30:00.462721444,5672062,352,108470,0,91000
4133,1,0 days 09:30:00.464307195,3728126,150,108588,0,163200
7680,2,0 days 09:30:00.465437409,9896000,269,108748,0,128600
4376,1,0 days 09:30:00.466696846,5671114,431,109067,0,63200
2524,1,0 days 09:30:00.467246972,5395198,900,109196,0,88800
2524,2,0 days 09:30:00.467246972,5400242,100,109197,0,88800
2524,3,0 days 09:30:00.467246972,5413074,900,109198,0,88800
2524,4,0 days 09:30:00.467246972,5416126,1275,109199,0,88800
7813,1,0 days 09:30:00.468017822,9375664,237,109273,0,42000
952,1,0 days 09:30:00.470137086,7644553,203,109768,0,837600
4880,1,0 days 09:30:00.472244843,7503851,46,109883,0,2925100
4880,2,0 days 09:30:00.472244843,6207039,99,109884,0,2925100
1691,1,0 days 09:30:00.473183460,5665941,1,109960,0,2620
1691,2,0 days 09:30:00.473183460,5798277,125,109961,0,2620
1691,3,0 days 09:30:00.473183460,5987217,200,109962,0,2620
1691,4,0 days 09:30:00.473183460,5665945,741,109963,0,2620
1691,5,0 days 09:30:00.473183460,5665949,8,109964,0,2620
1691,6,0 days 09:30:00.473183460,5665953,29,109965,0,2620
1691,7,0 days 09:30:00.473183460,5778449,250,109966,0,2620
1691,8,0 days 09:30:00.473183460,5665957,1,109967,0,2620
1691,9,0 days 09:30:00.473183460,6921617,1646,109968,0,2620
1691,10,0 days 09:30:00.473183460,5982905,7700,109969,0,2620
1286,1,0 days 09:30:00.473507644,7788861,81,109999,0,505200
3451,1,0 days 09:30:00.474264310,5672562,394,110053,0,62900
7558,1,0 days 09:30:00.474898138,9896012,27,110102,0,266100
2923,2,0 days 09:30:00.476320860,4799278,50,110188,0,132400
2923,3,0 days 09:30:00.476320860,4764794,100,110189,0,132400
5291,2,0 days 09:30:00.483018795,7704539,6,110421,1,1589900
3761,2,0 days 09:30:00.486634369,5671966,100,110549,0,62400
4509,1,0 days 09:30:00.489212197,5663786,1397,110622,0,8020
4509,2,0 days 09:30:00.489212197,5663994,755,110623,0,8020
4509,4,0 days 09:30:00.489212197,3901598,100,110625,0,8020
4509,6,0 days 09:30:00.489212197,3569054,500,110627,0,8020
3621,1,0 days 09:30:00.491114704,5671398,17,110697,0,169700
3621,3,0 days 09:30:00.491114704,3169022,138,110699,0,169700
4552,1,0 days 09:30:00.493437568,5675578,26,110773,0,540200
1029,1,0 days 09:30:00.496762470,2777297,100,110892,0,90800
2289,1,0 days 09:30:00.497292234,2531998,52,110935,0,566600
5332,2,0 days 09:30:00.499240596,7714567,200,111042,1,537700
5332,2,0 days 09:30:00.499252247,7714567,139,111044,1,537700
1709,1,0 days 09:30:00.500796001,7854977,2555,111151,0,68600
6564,2,0 days 09:30:00.502962193,7506735,67,111242,0,1168200
6564,3,0 days 09:30:00.502962193,7648811,20,111243,0,1168200
547,2,0 days 09:30:00.504157915,7943029,100,111307,0,2964200
547,3,0 days 09:30:00.504157915,6903741,296,111308,0,2964200
7490,2,0 days 09:30:00.506236939,7581000,1000,111405,0,3400
7490,3,0 days 09:30:00.506236939,7625484,4617,111406,0,3400
7490,4,0 days 09:30:00.506236939,7509144,10000,111407,0,3400
7490,5,0 days 09:30:00.506236939,7509148,4135,111408,0,3400
867,3,0 days 09:30:00.506721542,7942185,101,111421,0,182000
867,6,0 days 09:30:00.506721542,6928741,2053,111424,0,182000
57,1,0 days 09:30:00.507144284,7853337,988,111435,0,60900
1299,1,0 days 09:30:00.507485217,7852349,59,111467,0,171200
4842,2,0 days 09:30:00.507984657,7506171,159,111499,0,542000
3026,1,0 days 09:30:00.508466106,5672502,54,111511,0,297800
7529,1,0 days 09:30:00.508643534,7509616,140,111519,0,8702
8852,2,0 days 09:30:00.508962039,9898264,129,111540,0,2560000
1617,1,0 days 09:30:00.510509508,7852741,194,111613,0,209700
5440,2,0 days 09:30:00.511462189,7506103,3,111659,0,1081200
479,1,0 days 09:30:00.511940021,5628777,15,111673,0,187200
6078,1,0 days 09:30:00.514520537,5993955,867,111818,0,31800
628,1,0 days 09:30:00.515671623,7851793,103,111834,0,83200
1181,1,0 days 09:30:00.516235210,7851805,41,111879,0,59500
5665,1,0 days 09:30:00.516241687,7504355,582,111881,0,154000
5025,1,0 days 09:30:00.517221721,7505015,1030,111918,0,99500
5901,1,0 days 09:30:00.517464636,6020975,1625,111925,0,52200
4254,1,0 days 09:30:00.518187674,5676810,20,111946,0,263600
5514,1,0 days 09:30:00.518465256,6071835,8,111971,0,184800
5514,2,0 days 09:30:00.518465256,6133647,3,111972,0,184800
8188,1,0 days 09:30:00.521423484,9898012,1023,112090,0,277600
1559,1,0 days 09:30:00.521707716,5660813,70,112097,0,3700
4695,1,0 days 09:30:00.522945487,5511030,1016,112151,0,104200
304,1,0 days 09:30:00.523867123,7854201,368,112181,0,262900
3644,1,0 days 09:30:00.524377413,3661302,16,112199,0,86800
2764,2,0 days 09:30:00.524632584,5818766,1000,112212,1,14400
5686,2,0 days 09:30:00.525334593,7617751,20,112231,1,335800
970,1,0 days 09:30:00.527488597,4182601,100,112302,0,330000
6941,1,0 days 09:30:00.529824705,7506307,425,112377,0,732500
5469,1,0 days 09:30:00.532427339,7502851,282,112471,0,67700
7608,1,0 days 09:30:00.536463006,9897468,230,112605,0,440000
2037,1,0 days 09:30:00.538310544,7851665,5,112689,0,2911800
2249,1,0 days 09:30:00.539258926,7853053,93,112717,0,1081100
3508,1,0 days 09:30:00.540368673,3711270,13,112747,0,23300
1323,1,0 days 09:30:00.541181585,7852813,1231,112764,0,74500
4838,1,0 days 09:30:00.541726474,7502491,36,112800,0,114700
2764,2,0 days 09:30:00.541752259,5818766,2800,112803,1,14400
7359,1,0 days 09:30:00.542433178,9897576,365,112829,0,150800
8162,2,0 days 09:30:00.544295124,9941540,100,112898,1,583100
589,1,0 days 09:30:00.544347491,6263245,22,112899,0,16500
5999,2,0 days 09:30:00.544555130,7503923,165,112906,0,100000
5999,3,0 days 09:30:00.544555130,3692419,1189,112907,0,100000
8872,1,0 days 09:30:00.544892607,9896568,1344,112913,0,51400
5421,1,0 days 09:30:00.545377965,6043591,69,112938,0,13400
5421,2,0 days 09:30:00.545377965,4962295,100,112939,0,13400
3737,2,0 days 09:30:00.546300305,3663306,4,112976,0,24800
1730,2,0 days 09:30:00.547470718,8124037,37,113013,1,477200
4137,1,0 days 09:30:00.548470657,5411690,20,113063,0,10700
7107,1,0 days 09:30:00.549312199,5055547,6,113096,0,9900
7107,2,0 days 09:30:00.549312199,6096899,151,113097,0,9900
8587,1,0 days 09:30:00.550080548,9954104,200,113129,0,524500
5411,2,0 days 09:30:00.550437829,2890191,273,113138,0,18300
5411,3,0 days 09:30:00.550437829,5090359,25,113139,0,18300
7339,1,0 days 09:30:00.551126400,7502936,2,113158,0,66000
1488,1,0 days 09:30:00.551220313,6170281,100,113175,0,7693
4721,1,0 days 09:30:00.551520476,7506179,12,113181,0,1253200
1079,1,0 days 09:30:00.553518443,7802569,697,113256,0,251300
7699,2,0 days 09:30:00.554225601,9174260,3,113290,0,47400
2211,1,0 days 09:30:00.554582222,7902721,5,113305,0,234700
1240,1,0 days 09:30:00.554680880,7854641,27,113310,0,684900
8423,1,0 days 09:30:00.555532613,9697972,300,113336,0,195300
8423,2,0 days 09:30:00.555532613,9700420,400,113337,0,195300
8423,3,0 days 09:30:00.555532613,9714488,500,113338,0,195300
8423,4,0 days 09:30:00.555532613,9714524,500,113339,0,195300
8423,5,0 days 09:30:00.555532613,9749272,700,113340,0,195300
8423,6,0 days 09:30:00.555532613,9749724,200,113341,0,195300
8423,7,0 days 09:30:00.555532613,9856916,800,113342,0,195300
8423,9,0 days 09:30:00.555532613,8755352,100,113344,0,195300
8423,10,0 days 09:30:00.555532613,8755392,281,113345,0,195300
25,4,0 days 09:30:00.556974525,2779673,146,113410,0,33900
6882,1,0 days 09:30:00.558715792,7296207,100,113480,0,81800
1690,2,0 days 09:30:00.559259470,7855005,397,113511,0,468900
874,1,0 days 09:30:00.560104150,5743609,1,113546,0,37100
8045,1,0 days 09:30:00.565033188,9897540,179,113694,0,236200
2566,1,0 days 09:30:00.565438517,5671546,60,113713,0,270000
8363,1,0 days 09:30:00.565548589,9896024,45,113727,0,270800
8612,1,0 days 09:30:00.568270039,9898028,86,113787,0,1212100
344,1,0 days 09:30:00.568279236,6949249,14,113791,0,461400
4769,1,0 days 09:30:00.568613546,7502535,10,113797,0,155200
3501,1,0 days 09:30:00.570385067,5636726,100,113845,0,6030
3501,2,0 days 09:30:00.570385067,3923818,1295,113846,0,6030
3501,3,0 days 09:30:00.570385067,5664042,61,113847,0,6030
3501,4,0 days 09:30:00.570385067,5664078,61,113848,0,6030
3501,5,0 days 09:30:00.570385067,5664274,61,113849,0,6030
3501,6,0 days 09:30:00.570385067,5664430,2170,113850,0,6030
5814,1,0 days 09:30:00.572143254,7691479,3300,113888,0,23000
5814,2,0 days 09:30:00.572143254,7691887,800,113889,0,23000
4131,1,0 days 09:30:00.573299348,3630634,5,113919,0,92500
2763,1,0 days 09:30:00.573963904,5650290,1,113946,0,231200
2692,1,0 days 09:30:00.574290914,5673930,45,113951,0,1082000
4264,1,0 days 09:30:00.574954272,5672374,19,113976,0,5980000
559,1,0 days 09:30:00.575359743,7851701,19,113986,0,81500
1799,1,0 days 09:30:00.576710371,7679549,700,114035,0,9800
6280,1,0 days 09:30:00.577037456,7503015,712,114044,0,66000
7684,3,0 days 09:30:00.577703251,7511872,1,114067,0,81000
7684,4,0 days 09:30:00.577703251,8175928,3,114068,0,81000
1926,1,0 days 09:30:00.578737939,7541145,240,114117,0,176500
932,1,0 days 09:30:00.580211987,7855469,67,114170,0,883900
6,1,0 days 09:30:00.582059802,7885185,20,114211,0,285000
6,2,0 days 09:30:00.582059802,5837829,2406,114212,0,285000
5949,1,0 days 09:30:00.582533724,5112431,3,114230,0,81100
5949,2,0 days 09:30:00.582533724,5112435,6,114231,0,81100
5949,3,0 days 09:30:00.582533724,5112439,554,114232,0,81100
5949,4,0 days 09:30:00.582533724,5112443,1,114233,0,81100
5949,5,0 days 09:30:00.582533724,5156959,3,114234,0,81100
56,1,0 days 09:30:00.584268009,7854461,141,114295,0,330800
7294,1,0 days 09:30:00.584823273,9897388,242,114311,0,285300
3328,2,0 days 09:30:00.586675175,5411702,3121,114357,0,2190
3080,1,0 days 09:30:00.588765998,5622318,740,114409,0,148800
7526,1,0 days 09:30:00.593149175,9896924,415,114577,0,205300
5994,1,0 days 09:30:00.593614024,5268203,499,114595,0,11700
5994,2,0 days 09:30:00.593614024,6114839,9,114596,0,11700
1252,1,0 days 09:30:00.594298835,7764777,21,114624,0,6750
2834,2,0 days 09:30:00.596901232,5922766,100,114693,1,214100
186,2,0 days 09:30:00.597092422,8146577,100,114698,1,179300
8572,1,0 days 09:30:00.598029754,7760464,10,114726,0,265200
2809,1,0 days 09:30:00.598716312,5672354,38,114770,0,568000
1096,1,0 days 09:30:00.600279387,4356777,3,114840,0,103400
3113,1,0 days 09:30:00.601586929,5672986,8,114877,0,947400
7944,1,0 days 09:30:00.602336835,9898176,122,114903,0,303600
2707,3,0 days 09:30:00.604017282,5616606,100,114978,0,15500
2707,5,0 days 09:30:00.604017282,3723878,30,114980,0,15500
36,1,0 days 09:30:00.604560247,7852373,12,115000,0,373800
4924,1,0 days 09:30:00.606076612,7645723,267,115056,0,130700
8118,1,0 days 09:30:00.606973261,9861400,800,115111,0,262400
8118,2,0 days 09:30:00.606973261,9861404,800,115112,0,262400
8118,3,0 days 09:30:00.606973261,9854680,800,115113,0,262400
8118,4,0 days 09:30:00.606973261,9854684,800,115114,0,262400
8118,5,0 days 09:30:00.606973261,9853840,587,115115,0,262400
104,1,0 days 09:30:00.607735535,7808785,200,115151,0,225200
8488,1,0 days 09:30:00.608762606,7544504,125,115185,0,14900
7330,1,0 days 09:30:00.609418302,5474324,25,115204,0,3590
7330,2,0 days 09:30:00.609418302,8505304,3041,115205,0,3590
3754,1,0 days 09:30:00.609854543,5672138,117,115232,0,77000
3140,1,0 days 09:30:00.610393994,3705970,96,115244,0,7600
3140,3,0 days 09:30:00.610393994,3298478,26,115246,0,7600
3140,4,0 days 09:30:00.610393994,3553490,626,115247,0,7600
6205,2,0 days 09:30:00.611608723,5117687,1,115288,0,33000
2104,1,0 days 09:30:00.611735166,7853493,4,115294,0,753100
3477,2,0 days 09:30:00.614514312,5672774,474,115407,0,153800
8321,1,0 days 09:30:00.614671411,9929548,4000,115411,0,25400
4704,1,0 days 09:30:00.616769212,5671058,43,115469,0,128800
5582,1,0 days 09:30:00.616770784,5882783,100,115471,0,24000
3458,2,0 days 09:30:00.617875334,5827698,20,115517,0,13500000
3458,3,0 days 09:30:00.617875334,5828078,20,115518,0,13500000
3458,4,0 days 09:30:00.617875334,5828730,6,115519,0,13500000
3458,5,0 days 09:30:00.617875334,5828550,20,115520,0,13500000
3458,6,0 days 09:30:00.617875334,5828802,20,115521,0,13500000
3458,7,0 days 09:30:00.617875334,5908078,10,115522,0,13500000
3458,8,0 days 09:30:00.617875334,5831390,10,115523,0,13500000
3458,9,0 days 09:30:00.617875334,5675894,6,115524,0,13500000
3676,1,0 days 09:30:00.618633359,5671810,479,115540,0,88900
5650,1,0 days 09:30:00.621626483,5098799,2,115670,0,52100
6553,1,0 days 09:30:00.634135999,7503767,7,119243,0,154800
8906,1,0 days 09:30:00.637368824,9895788,166,120740,0,80500
6445,1,0 days 09:30:00.638070607,7503119,108,120992,0,70200
6721,1,0 days 09:30:00.641735743,7505039,75,122426,0,407200
2686,1,0 days 09:30:00.642249653,5672942,25,122564,0,699100
4378,1,0 days 09:30:00.660829891,5611814,173,130620,0,360000
4378,3,0 days 09:30:00.660829891,560010,497,130622,0,360000
6287,1,0 days 09:30:00.668967038,5195031,60,132892,0,321500
8030,1,0 days 09:30:00.671501642,9897612,17,134017,0,466900
7229,1,0 days 09:30:00.676129366,8696684,66,136244,0,14800
5178,1,0 days 09:30:00.680743515,4980887,127,138703,0,40300
4136,2,0 days 09:30:00.681189454,5671714,237,138899,0,119800
5497,62,0 days 09:30:00.696203728,7780507,42,145943,1,3290000
3609,1,0 days 09:30:00.697271234,5671662,133,146507,0,105400
661,1,0 days 09:30:00.699536023,7854221,173,147462,0,269400
5190,1,0 days 09:30:00.699871116,4136379,7,147596,0,101000
5084,1,0 days 09:30:00.700260436,7503375,263,147767,0,107200
382,1,0 days 09:30:00.704440296,7851713,89,149884,0,151800
979,1,0 days 09:30:00.705170818,7855021,83,150240,0,598200
4954,1,0 days 09:30:00.706592815,5064943,1091,151078,0,5140
4954,2,0 days 09:30:00.706592815,5794207,100,151079,0,5140
4954,3,0 days 09:30:00.706592815,5716935,3,151080,0,5140
4954,4,0 days 09:30:00.706592815,5853391,74,151081,0,5140
1829,1,0 days 09:30:00.709194679,4514041,100,152316,0,126600
3245,1,0 days 09:30:00.715886658,5674898,480,155599,0,794700
282,1,0 days 09:30:00.722367061,7852673,176,158757,0,176600
3357,1,0 days 09:30:00.725994397,5671286,301,159648,0,101000
3137,1,0 days 09:30:00.728336197,5636402,100,160029,0,222100
3088,1,0 days 09:30:00.729690366,4266226,300,160286,0,10200
3088,2,0 days 09:30:00.729690366,4266234,1700,160287,0,10200
518,1,0 days 09:30:00.730497134,6559269,2,160500,0,27500
8729,1,0 days 09:30:00.730797977,9895728,62,160587,0,133600
5386,1,0 days 09:30:00.731891179,6419879,100,160840,0,33200
6431,1,0 days 09:30:00.733268434,5845151,753,161191,0,24500
1949,1,0 days 09:30:00.734333516,7855249,2034,161330,0,367200
5979,1,0 days 09:30:00.735295234,7503135,16,161419,0,247200
4366,1,0 days 09:30:00.737884948,5672518,1,161696,0,915200
4720,1,0 days 09:30:00.738423143,5673354,37,161772,0,1241600
2561,1,0 days 09:30:00.739183381,5674190,120,161939,0,596600
1108,1,0 days 09:30:00.739235649,7688597,200,161956,0,169000
1108,2,0 days 09:30:00.739235649,7693725,500,161957,0,169000
1108,3,0 days 09:30:00.739235649,7688601,200,161958,0,169000
1108,4,0 days 09:30:00.739235649,7693729,500,161959,0,169000
3293,1,0 days 09:30:00.739711891,3707518,1,162014,0,415400
5878,1,0 days 09:30:00.739937440,6830731,12422,162050,0,15000
8484,1,0 days 09:30:00.740463880,6506744,2,162120,0,103500
5878,2,0 days 09:30:00.740618197,7789635,900,162157,1,15000
2893,2,0 days 09:30:00.741279787,5617018,100,162316,0,518300
2893,3,0 days 09:30:00.741279787,5617066,100,162317,0,518300
2893,4,0 days 09:30:00.741279787,5421662,218,162318,0,518300
546,1,0 days 09:30:00.741819552,7852821,59,162378,0,210400
1204,1,0 days 09:30:00.743015811,7852629,24,162567,0,354500
7818,1,0 days 09:30:00.743708415,9896228,40,162683,0,443800
8888,1,0 days 09:30:00.744205841,7587780,28,162744,0,13500
8888,2,0 days 09:30:00.744205841,9988108,735,162745,0,13500
4461,1,0 days 09:30:00.746192243,4399254,1,163049,0,8400
6307,1,0 days 09:30:00.746846666,7545299,697,163129,0,647200
2732,1,0 days 09:30:00.747621626,5673554,855,163227,0,203000
1300,1,0 days 09:30:00.748721690,7851997,159,163351,0,111000
4878,1,0 days 09:30:00.748973563,7337943,100,163389,0,267200
4878,2,0 days 09:30:00.748973563,7340923,100,163390,0,267200
6617,1,0 days 09:30:00.749971134,4779823,100,163566,0,11100
278,2,0 days 09:30:00.750192231,8115169,36,163609,1,570600
7706,2,0 days 09:30:00.750452203,9896784,77,163636,0,680800
488,1,0 days 09:30:00.750901701,7852973,533,163687,0,74300
6773,1,0 days 09:30:00.753531388,5128867,50,164037,0,90800
2501,1,0 days 09:30:00.756731532,5766542,100,164429,0,230300
3617,1,0 days 09:30:00.757588071,5674326,636,164544,0,179600
8094,1,0 days 09:30:00.758327117,9895592,183,164609,0,71800
5748,1,0 days 09:30:00.759066974,5577443,100,164700,0,4700
5748,2,0 days 09:30:00.759066974,5103307,1,164701,0,4700
5748,3,0 days 09:30:00.759066974,5380463,100,164702,0,4700
5748,4,0 days 09:30:00.759066974,5103311,10,164703,0,4700
8061,1,0 days 09:30:00.760161395,6724944,3840,164779,0,10100
8061,3,0 days 09:30:00.760161395,6016116,500,164781,0,10100
10,1,0 days 09:30:00.760795903,7852453,258,164832,0,115000
3434,1,0 days 09:30:00.761072077,5486422,200,164871,0,158800
1636,1,0 days 09:30:00.761267811,7651009,63,164877,0,4600
1636,2,0 days 09:30:00.761267811,7080861,18627,164878,0,4600
1636,3,0 days 09:30:00.761267811,7418273,2000,164879,0,4600
7641,1,0 days 09:30:00.761644358,9511772,2,164924,0,69900
3168,1,0 days 09:30:00.761970890,3943450,1,164948,0,99300
3168,2,0 days 09:30:00.761970890,4028030,820,164949,0,99300
1621,1,0 days 09:30:00.763710227,7854809,847,165157,0,139800
3219,1,0 days 09:30:00.765170814,5671658,415,165421,0,135400
5090,2,0 days 09:30:00.766262652,7503079,175,165633,0,200000
4528,1,0 days 09:30:00.766942450,5671422,47,165800,0,162800
2534,1,0 days 09:30:00.768250234,5440070,200,166069,0,61900
2134,2,0 days 09:30:00.768547972,8149233,300,166111,0,275200
982,1,0 days 09:30:00.769980455,4073585,113,166372,0,448000
4805,1,0 days 09:30:00.770736933,6448283,175,166559,0,364200
13,1,0 days 09:30:00.776180089,7852297,223,166998,0,2894400
13,2,0 days 09:30:00.776180089,8130505,100,166999,0,2894400
13,4,0 days 09:30:00.776180089,7963805,100,167001,0,2894400
5730,1,0 days 09:30:00.780714482,7502807,2,167060,0,2910200
4588,1,0 days 09:30:00.781978587,4782418,1,167088,0,465000
3019,1,0 days 09:30:00.784192496,5673278,609,167181,0,169100
564,1,0 days 09:30:00.784648512,7851813,190,167194,0,70900
919,1,0 days 09:30:00.784751875,7851953,55,167199,0,163200
1719,1,0 days 09:30:00.785065551,7852733,6,167209,0,599200
280,1,0 days 09:30:00.786247367,7851821,144,167255,0,65500
7636,1,0 days 09:30:00.786410652,9897740,43,167274,0,667200
2349,1,0 days 09:30:00.788156113,3694982,1,167353,0,4900
2349,2,0 days 09:30:00.788156113,3694986,102,167354,0,4900
2349,3,0 days 09:30:00.788156113,4764470,210,167355,0,4900
921,2,0 days 09:30:00.789979793,8215853,1,167433,1,22400
8668,1,0 days 09:30:00.790414080,9896588,30,167449,0,182100
1857,1,0 days 09:30:00.791544095,7852865,208,167480,0,458800
6370,1,0 days 09:30:00.792114901,6479907,100,167492,0,3780
8887,8,0 days 09:30:00.793197501,9898260,249,167567,0,470800
420,1,0 days 09:30:00.793917200,7852957,1082,167578,0,91800
7248,1,0 days 09:30:00.795101518,9854752,2500,167650,0,510000
7194,1,0 days 09:30:00.795896444,7504539,46,167683,0,402700
6985,1,0 days 09:30:00.797319270,7503683,105,167759,0,116000
6985,2,0 days 09:30:00.797319270,3717163,500,167760,0,116000
3402,1,0 days 09:30:00.799210099,5835274,100,167842,0,222900
3402,2,0 days 09:30:00.799210099,5836558,305,167843,0,222900
2364,1,0 days 09:30:00.800408661,5672382,29,167910,0,227200
4590,2,0 days 09:30:00.805029300,5980554,50,168063,1,207200
7764,1,0 days 09:30:00.805243135,8528208,2,168067,0,104500
6568,1,0 days 09:30:00.806183405,7502767,77,168126,0,91100
5696,1,0 days 09:30:00.807439269,5696775,2,168203,0,44700
7429,2,0 days 09:30:00.807790277,5333760,372,168215,0,161200
5414,1,0 days 09:30:00.808053538,7506399,31,168223,0,1080900
3029,1,0 days 09:30:00.808392526,5674314,937,168234,0,97300
5686,2,0 days 09:30:00.808724273,7617751,12,168247,1,335800
114,1,0 days 09:30:00.812466960,7853481,166,168408,0,112800
4894,1,0 days 09:30:00.812567964,7505619,46,168414,0,478400
5036,1,0 days 09:30:00.812935817,7503419,620,168423,0,50400
3400,1,0 days 09:30:00.813092945,5671158,120,168430,0,57100
8600,1,0 days 09:30:00.813318024,7884528,6,168441,0,108700
7837,1,0 days 09:30:00.815766900,9896644,118,168585,0,84400
7316,1,0 days 09:30:00.816087397,9897128,1025,168592,0,79400
440,1,0 days 09:30:00.816255780,7854469,274,168599,0,286900
4356,1,0 days 09:30:00.817040808,4802838,79,168653,0,2900
7603,1,0 days 09:30:00.817613388,9988084,100,168668,0,41400
7603,2,0 days 09:30:00.817613388,9925848,300,168669,0,41400
1720,1,0 days 09:30:00.822059105,7854853,137,169033,0,832200
1733,1,0 days 09:30:00.825552569,7853241,70,169326,0,252400
2217,1,0 days 09:30:00.829204729,7795657,67,169952,0,333800
8905,2,0 days 09:30:00.830295098,10134644,45,169995,1,57000
6294,1,0 days 09:30:00.833790638,7505675,3,170076,0,2132700
4804,1,0 days 09:30:00.834372429,7558387,11,170093,0,38800
8690,1,0 days 09:30:00.834981673,8293524,2445,170112,0,3415
2693,1,0 days 09:30:00.837338473,5671406,150,170223,0,118400
8859,1,0 days 09:30:00.840333421,9013496,6,170355,0,355700
147,1,0 days 09:30:00.841281082,6020369,15,170417,0,4200
3038,1,0 days 09:30:00.842691720,5673106,378,170463,0,77600
8150,1,0 days 09:30:00.843244370,9897336,18,170506,0,2531800
4008,1,0 days 09:30:00.843951499,5673302,8,170518,0,2641200
1801,3,0 days 09:30:00.844159925,7855589,393,170528,0,1109500
6298,1,0 days 09:30:00.844608807,7772199,228,170540,0,144000
8881,1,0 days 09:30:00.845872728,9425120,237,170612,0,1725
8881,2,0 days 09:30:00.845872728,8849512,1200,170613,0,1725
8881,3,0 days 09:30:00.845872728,8151128,1500,170614,0,1725
7908,1,0 days 09:30:00.846178128,7518736,17,170626,0,23200
4480,1,0 days 09:30:00.846849545,5745862,100,170675,0,500900
4735,1,0 days 09:30:00.850094040,5059471,6,170839,0,65200
8023,1,0 days 09:30:00.850195828,9852508,29,170844,0,360100
5863,2,0 days 09:30:00.850627908,7823203,300,170864,1,4820
5863,2,0 days 09:30:00.850665653,7823203,19700,170866,1,4820
5863,4,0 days 09:30:00.850665653,7823211,300,170867,1,4820
5863,2,0 days 09:30:00.850775783,7823211,2880,170876,1,4820
5863,4,0 days 09:30:00.850775783,7823219,100,170877,1,4820
5863,6,0 days 09:30:00.850775783,7823231,5020,170878,1,4820
3433,1,0 days 09:30:00.851987939,5464774,2694,170943,0,1620
3433,2,0 days 09:30:00.851987939,3656214,2005,170944,0,1620
7978,1,0 days 09:30:00.852827625,7464548,3,170996,0,7830
5225,1,0 days 09:30:00.853307644,7040327,95,171038,0,362900
107,1,0 days 09:30:00.853440245,7790017,240,171044,0,219000
2821,1,0 days 09:30:00.853613324,5872130,36,171054,0,408700
1185,1,0 days 09:30:00.854647540,7852153,620,171133,0,94300
1475,1,0 days 09:30:00.855119912,7852013,9,171178,0,171800
5431,1,0 days 09:30:00.855633622,7502867,277,171204,0,73000
8508,1,0 days 09:30:00.856177815,8088168,68,171240,0,3676
5863,2,0 days 09:30:00.856422742,7824311,2200,171257,1,4850
623,1,0 days 09:30:00.856724802,5520917,1000,171285,0,6375
623,2,0 days 09:30:00.856724802,5632177,500,171286,0,6375
7900,1,0 days 09:30:00.857417002,7433564,500,171335,0,8490
586,1,0 days 09:30:00.859899879,5570833,30,171631,0,156000
1229,1,0 days 09:30:00.860987798,5833489,437,171696,0,5810
1167,1,0 days 09:30:00.861351119,7854917,6,171708,0,4365300
1830,1,0 days 09:30:00.862513075,7851697,35,171774,0,63000
6870,1,0 days 09:30:00.863221811,7505255,1418,171828,0,141600
5863,2,0 days 09:30:00.863584293,7824311,1500,171870,1,4850
4121,2,0 days 09:30:00.865547702,5671262,162,172000,0,76300
4989,1,0 days 09:30:00.865553412,7502755,85,172002,0,155300
5301,2,0 days 09:30:00.867406075,7826635,100,172175,1,177100
2945,2,0 days 09:30:00.868648020,5671094,214,172241,0,69500
6153,1,0 days 09:30:00.868890780,7505259,3,172249,0,281300
8450,1,0 days 09:30:00.869288302,9699696,100,172283,0,65100
3872,1,0 days 09:30:00.869761573,5671030,3,172311,0,452300
5379,3,0 days 09:30:00.870099777,7620655,100,172349,0,196600
5379,4,0 days 09:30:00.870099777,7621243,900,172350,0,196600
7827,1,0 days 09:30:00.871033240,9956532,517,172409,0,481900
5863,2,0 days 09:30:00.871713895,7824311,100,172488,1,4850
7556,1,0 days 09:30:00.873597782,9898052,245,172824,0,392100
5043,1,0 days 09:30:00.874130199,7502763,295,172902,0,125600
1297,1,0 days 09:30:00.874314908,7855301,30,172936,0,1438700
467,1,0 days 09:30:00.874619505,7762197,84,172970,0,7901
467,2,0 days 09:30:00.874619505,7949593,500,172971,0,7901
467,3,0 days 09:30:00.874619505,6643869,390,172972,0,7901
8899,1,0 days 09:30:00.875094353,9486444,100,173017,0,100200
4220,1,0 days 09:30:00.875577035,3966702,200,173063,0,22300
7759,1,0 days 09:30:00.876566095,7588212,2,173193,0,13100
3990,1,0 days 09:30:00.878593413,3596238,500,173445,0,8000
3990,2,0 days 09:30:00.878593413,3667926,1,173446,0,8000
6352,1,0 days 09:30:00.879269531,7507123,1,173530,0,684200
413,1,0 days 09:30:00.879996778,7852653,10,173730,0,614500
76,1,0 days 09:30:00.880031619,8157033,96,173748,0,252700
99,1,0 days 09:30:00.880134523,6015477,800,173769,0,38000
5778,1,0 days 09:30:00.880363905,5104355,1,173805,0,33200
5471,1,0 days 09:30:00.881146288,7502655,1,174028,0,91300
4363,1,0 days 09:30:00.884136142,5674746,584,174508,0,189000
620,1,0 days 09:30:00.885160056,5632149,33,174566,0,72800
5742,1,0 days 09:30:00.886680137,7507163,218,174666,0,1282700
5568,1,0 days 09:30:00.887209624,7504831,77,174714,0,336400
5445,1,0 days 09:30:00.888293563,7505691,80,174789,0,1627000
96,1,0 days 09:30:00.889549744,5520773,2,174851,0,39500
96,2,0 days 09:30:00.889549744,6016465,25,174852,0,39500
4355,1,0 days 09:30:00.890569233,3169794,35,174909,0,28900
5754,4,0 days 09:30:00.892340897,5103655,61,175033,0,62700
5754,6,0 days 09:30:00.892340897,5103659,1,175035,0,62700
7061,1,0 days 09:30:00.892458634,3602131,100,175055,0,368600
6865,1,0 days 09:30:00.892897250,5212147,293,175079,0,1600
6865,2,0 days 09:30:00.892897250,5750671,34,175080,0,1600
6865,3,0 days 09:30:00.892897250,6526623,100,175081,0,1600
30,3,0 days 09:30:00.894529443,7855501,100,175239,0,1696900
5927,2,0 days 09:30:00.895516637,1858171,50,175333,0,30500
2398,1,0 days 09:30:00.896078858,5671106,202,175380,0,70300
7611,1,0 days 09:30:00.896230576,9895860,514,175395,0,93300
4570,1,0 days 09:30:00.896576960,3786114,1,175428,0,82200
4570,2,0 days 09:30:00.896576960,3677858,1,175429,0,82200
4570,3,0 days 09:30:00.896576960,3677862,2,175430,0,82200
4570,4,0 days 09:30:00.896576960,5671958,48,175431,0,82200
8727,1,0 days 09:30:00.896730838,7551984,80,175449,0,3480
8727,2,0 days 09:30:00.896730838,7551988,5,175450,0,3480
8727,3,0 days 09:30:00.896730838,7911144,109,175451,0,3480
4882,1,0 days 09:30:00.897484980,7444443,46,175509,0,382700
5146,1,0 days 09:30:00.899417836,7505059,12,175648,0,3751100
1685,1,0 days 09:30:00.901339780,6019061,5,175918,0,53900
1288,1,0 days 09:30:00.902624023,7851929,516,176046,0,80100
7407,1,0 days 09:30:00.903024595,9898672,604,176087,0,1513000
7973,1,0 days 09:30:00.903709304,7419344,5,176136,0,46100
584,1,0 days 09:30:00.904128339,7852057,9,176177,0,555300
8334,2,0 days 09:30:00.908494228,9601100,5,176512,0,63500
452,1,0 days 09:30:00.909896593,6172965,2,176650,0,499800
3065,2,0 days 09:30:00.910071582,5671650,33,176666,0,97000
634,1,0 days 09:30:00.910378952,7852325,103,176700,0,195900
5542,2,0 days 09:30:00.910838364,7624871,200,176734,0,37100
3024,1,0 days 09:30:00.913241984,3704630,1,176941,0,725600
1594,1,0 days 09:30:00.917114672,7645917,100,177590,0,300600
2737,1,0 days 09:30:00.919567880,5672074,770,178000,0,2078600
2737,3,0 days 09:30:00.919567880,5831694,100,178002,0,2078600
8834,1,0 days 09:30:00.922846823,7419292,22,178082,0,31200
6066,1,0 days 09:30:00.923289836,1905491,500,178119,0,392000
6066,2,0 days 09:30:00.923289836,2141163,1300,178120,0,392000
6348,1,0 days 09:30:00.924420923,7502967,47,178163,0,219400
1996,1,0 days 09:30:00.926310383,7906045,4,178282,0,262500
438,2,0 days 09:30:00.932132371,8125129,100,178577,1,48300
8730,1,0 days 09:30:00.932183424,9896320,97,178578,0,248900
3653,1,0 days 09:30:00.932734178,3042998,190,178607,0,103300
7882,2,0 days 09:30:00.933836739,9898156,282,178680,0,601600
98,1,0 days 09:30:00.934674705,5522081,13,178735,0,6675
98,2,0 days 09:30:00.934674705,5614069,1,178736,0,6675
1266,1,0 days 09:30:00.938393398,7855025,39,178974,0,1426400
7652,1,0 days 09:30:00.938701971,9895932,388,178988,0,75800
2552,1,0 days 09:30:00.939265544,5445558,86,179027,0,715100
438,2,0 days 09:30:00.940933661,8125129,70,179121,1,48300
603,1,0 days 09:30:00.941259697,7852885,260,179152,0,380500
4675,1,0 days 09:30:00.943034343,3596490,210,179283,0,7500
4967,1,0 days 09:30:00.944957549,4340623,1,179429,0,10400
5361,2,0 days 09:30:00.945356983,5083263,60,179469,0,63800
5361,3,0 days 09:30:00.945356983,5083267,5,179470,0,63800
8768,1,0 days 09:30:00.945729321,9895668,36,179489,0,285000
617,1,0 days 09:30:00.949464861,6101857,2,179779,0,20100
5429,1,0 days 09:30:00.949602564,7502795,21,179785,0,748000
8022,1,0 days 09:30:00.950943290,8787760,100,179907,0,21500
8022,2,0 days 09:30:00.950943290,8787964,100,179908,0,21500
8022,3,0 days 09:30:00.950943290,8788204,100,179909,0,21500
6172,1,0 days 09:30:00.952990382,5927747,100,180175,0,1470
8404,1,0 days 09:30:00.953269881,9864996,200,180204,0,252100
4605,5,0 days 09:30:00.954004587,5665090,193,180320,0,55300
5320,1,0 days 09:30:00.955024484,1241239,179,180596,0,6500
4060,1,0 days 09:30:00.955793497,3669338,10,180709,0,405000
8366,1,0 days 09:30:00.956229510,7539580,1,180776,0,325500
1504,1,0 days 09:30:00.957319317,6176669,500,180955,0,57000
5851,1,0 days 09:30:00.958150366,7504703,200,181154,0,183000
3443,1,0 days 09:30:00.959997506,4808006,5702,181516,0,2400
3443,2,0 days 09:30:00.959997506,3656630,50,181517,0,2400
3376,1,0 days 09:30:00.960351455,5673738,377,181587,0,138800
1880,1,0 days 09:30:00.961140059,7852457,173,181741,0,162400
509,1,0 days 09:30:00.962056243,7854053,178,181898,0,460500
1602,1,0 days 09:30:00.962197839,5519941,150,181931,0,9100
1602,2,0 days 09:30:00.962197839,6297321,1000,181932,0,9100
6556,1,0 days 09:30:00.963039891,7666367,300,182212,0,2135000
6556,3,0 days 09:30:00.963039891,7236775,900,182214,0,2135000
6556,4,0 days 09:30:00.963039891,7772703,30,182215,0,2135000
6367,1,0 days 09:30:00.963090217,7502971,95,182223,0,159500
1737,1,0 days 09:30:00.967434628,7854217,67,182341,0,217100
1658,1,0 days 09:30:00.968119464,5663389,5,182386,0,124100
3176,1,0 days 09:30:00.969710346,5350326,85,182483,0,43000
3176,2,0 days 09:30:00.969710346,5575510,100,182484,0,43000
5729,1,0 days 09:30:00.971949111,7506011,3,182586,0,192200
3561,1,0 days 09:30:00.972162415,4726862,1,182594,0,49300
1214,1,0 days 09:30:00.972476445,7851761,24,182634,0,163500
4538,1,0 days 09:30:00.973835913,5460022,87,182706,0,415800
2894,1,0 days 09:30:00.974391979,5672514,50,182722,0,215600
2065,1,0 days 09:30:00.974596589,5679673,3,182728,0,103400
8521,1,0 days 09:30:00.976661089,8241864,5,182868,0,17300
5710,1,0 days 09:30:00.977847395,7504187,44,182934,0,486200
8702,1,0 days 09:30:00.979205147,9897912,53,183049,0,1181300
926,1,0 days 09:30:00.979605376,5639137,13,183089,0,19000
800,1,0 days 09:30:00.981496064,7853437,152,183242,0,465900
8843,1,0 days 09:30:00.981823716,9896044,393,183283,0,77000
5707,1,0 days 09:30:00.982040948,7506111,44,183290,0,874700
8358,1,0 days 09:30:00.982738221,7418556,6,183338,0,443400
2764,2,0 days 09:30:00.985474339,5818766,1350,183624,1,14400
3132,1,0 days 09:30:00.985816315,3626394,8,183627,0,4320
6093,1,0 days 09:30:00.986457468,7505211,235,183673,0,267500
2764,2,0 days 09:30:00.988108813,5818766,35,183813,1,14400
915,1,0 days 09:30:00.989577507,5355869,100,183946,0,70200
6878,2,0 days 09:30:00.990636131,7504255,559,184073,0,162200
2723,1,0 days 09:30:00.992013144,3724570,55,184315,0,8101
2723,2,0 days 09:30:00.992013144,3701178,100,184316,0,8101
2723,3,0 days 09:30:00.992013144,3726022,95,184317,0,8101
7935,1,0 days 09:30:00.993916321,7519236,5,184547,0,8000
6864,1,0 days 09:30:00.994036686,7503511,36,184571,0,144300
8554,1,0 days 09:30:00.995080507,9897280,50,184676,0,620000
4610,1,0 days 09:30:00.996015299,5671782,282,184743,0,61700
8688,1,0 days 09:30:00.998221737,9896220,20,184969,0,253100
4703,1,0 days 09:30:00.998423577,2452186,5,184982,0,1603900
3042,1,0 days 09:30:00.998678918,5672950,12,185017,0,693800
109,1,0 days 09:30:00.999491972,8262021,29,185099,0,1846300
8807,1,0 days 09:30:01.000009111,8015920,25,185146,0,14000
5686,2,0 days 09:30:01.000383499,7617751,28,185208,1,335800
5686,4,0 days 09:30:01.000383499,7849911,50,185209,1,335800
2862,1,0 days 09:30:01.001867908,5488874,1,185316,0,184500
5154,1,0 days 09:30:01.003109664,7455855,50,185402,0,6200
5154,2,0 days 09:30:01.003109664,7526871,100,185403,0,6200
7756,3,0 days 09:30:01.003765437,9896356,1024,185429,0,72700
287,2,0 days 09:30:01.003901325,4820081,21,185453,0,102200
5013,1,0 days 09:30:01.004645353,2125611,200,185490,0,17300
1994,1,0 days 09:30:01.004905137,6145461,100,185499,0,10900
8059,1,0 days 09:30:01.005415944,7419676,7,185540,0,6900
8059,2,0 days 09:30:01.005415944,7483000,175,185541,0,6900
8059,3,0 days 09:30:01.005415944,7526900,5,185542,0,6900
8059,4,0 days 09:30:01.005415944,8322116,15,185543,0,6900
1315,1,0 days 09:30:01.006860955,5647849,3,185675,0,47200
3391,1,0 days 09:30:01.008959149,5671462,123,185859,0,100100
5549,1,0 days 09:30:01.009503476,7242527,500,185886,0,26000
7488,1,0 days 09:30:01.010340754,8319672,8362,185973,0,33600
7488,2,0 days 09:30:01.010340754,8428260,40,185974,0,33600
6104,3,0 days 09:30:01.011129059,7503335,369,186013,0,1367000
6104,4,0 days 09:30:01.011129059,7802579,20,186014,0,1367000
7700,1,0 days 09:30:01.012005179,9897164,14,186068,0,387300
4853,7,0 days 09:30:01.012735297,7446963,100,186130,0,472500
4853,8,0 days 09:30:01.012735297,7302963,500,186131,0,472500
4853,9,0 days 09:30:01.012735297,7305107,109,186132,0,472500
1882,1,0 days 09:30:01.016022826,7853013,38,186384,0,102500
5928,1,0 days 09:30:01.016382012,6398263,32,186425,0,5500
5928,2,0 days 09:30:01.016382012,3621519,100,186426,0,5500
5928,3,0 days 09:30:01.016382012,5156763,1600,186427,0,5500
4986,1,0 days 09:30:01.017367999,7877587,150,186517,0,196400
4914,1,0 days 09:30:01.018481975,7504951,598,186643,0,241400
1675,1,0 days 09:30:01.019349381,7940517,200,186757,0,85500
3405,2,0 days 09:30:01.029977278,5990786,100,192656,1,58300
5863,2,0 days 09:30:01.065811539,7824311,400,216318,1,4850
4315,2,0 days 09:30:01.172239889,6056554,105,277264,1,1659800
4315,2,0 days 09:30:01.172822752,6056554,100,277265,1,1659800
724,2,0 days 09:30:01.241722123,8277917,100,277388,1,385400
2764,2,0 days 09:30:01.261907193,5818766,30,277444,1,14400
2764,2,0 days 09:30:01.262138545,5818766,25,277445,1,14400
4315,2,0 days 09:30:01.272460567,6070350,87,277478,1,1660000
5555,2,0 days 09:30:01.274371524,7824019,150,277494,1,95300
4283,2,0 days 09:30:01.300076869,6079570,700,277590,1,45500
3194,2,0 days 09:30:01.302877110,6080038,100,277596,1,438800
3194,2,0 days 09:30:01.302959442,6080038,100,277597,1,438800
3194,2,0 days 09:30:01.303320440,6080038,100,277598,1,438800
3194,2,0 days 09:30:01.304788119,6080042,100,277608,1,438800
5863,2,0 days 09:30:01.315485801,7824311,90,277629,1,4850
4283,2,0 days 09:30:01.315634654,6079570,150,277630,1,45500
6501,2,0 days 09:30:01.319378018,7926027,100,277638,1,1094900
344,2,0 days 09:30:01.328865963,8370797,500,277659,1,461500
344,4,0 days 09:30:01.328865963,8370801,100,277660,1,461500
344,2,0 days 09:30:01.328872393,8370805,200,277663,1,461700
344,2,0 days 09:30:01.328941993,8370805,120,277664,1,461700
344,2,0 days 09:30:01.328951009,8370805,1150,277665,1,461700
5863,2,0 days 09:30:01.365444665,7824311,500,277747,1,4850
2764,2,0 days 09:30:01.375222072,5818766,615,277776,1,14400
7992,2,0 days 09:30:01.382549935,10218992,13,277797,1,4288200
5376,2,0 days 09:30:01.403296969,7942111,276,277835,1,286900
13,2,0 days 09:30:01.420872415,8385793,50,277860,1,2894900
13,2,0 days 09:30:01.425670112,8385793,600,277870,1,2894900
13,2,0 days 09:30:01.425700486,8385793,17,277871,1,2894900
13,2,0 days 09:30:01.425715570,8385793,483,277872,1,2894900
6815,2,0 days 09:30:01.445422607,7949843,925,277964,1,1373700
344,2,0 days 09:30:01.447104667,8389841,300,277977,1,461200
344,4,0 days 09:30:01.447104667,8389845,300,277978,1,461200
344,6,0 days 09:30:01.447104667,8389853,22,277979,1,461200
6815,3,0 days 09:30:01.448281376,7949883,70,277988,1,1373700
6815,6,0 days 09:30:01.448281376,7949943,20,277989,1,1373700
6815,8,0 days 09:30:01.448281376,7950059,80,277990,1,1373700
5863,2,0 days 09:30:01.458229959,7824311,100,278007,1,4850
1926,2,0 days 09:30:01.459291035,8391605,102,278013,1,177400
6696,2,0 days 09:30:01.462649851,7931259,100,278022,1,172800
5863,2,0 days 09:30:01.467961590,7824311,200,278041,1,4850
6118,2,0 days 09:30:01.475052021,7617971,1,278082,1,392900
6556,2,0 days 09:30:01.475096743,7952815,50,278083,1,2135500
5863,2,0 days 09:30:01.514042018,7824311,100,278166,1,4850
5291,2,0 days 09:30:01.551544931,7970623,25,278290,1,1589800
1926,2,0 days 09:30:01.553245145,8391605,22,278296,1,177400
4378,2,0 days 09:30:01.584791220,6125130,526,278412,1,359600
7603,2,0 days 09:30:01.586106686,10248172,29,278420,1,42400
7603,2,0 days 09:30:01.586131708,10248172,10,278421,1,42400
5497,2,0 days 09:30:01.599836216,7981547,40,278475,1,3290800
2714,2,0 days 09:30:01.658393654,5982850,100,278605,1,93400
5863,2,0 days 09:30:01.676508936,7824311,100,278635,1,4850
3281,2,0 days 09:30:01.695316836,6143070,1,278770,1,79700
5117,2,0 days 09:30:01.708162279,8004839,11,278809,1,79900
5117,2,0 days 09:30:01.708210550,8004839,92,278810,1,79900
2501,2,0 days 09:30:01.712571116,6148170,5,278845,1,232600
2501,2,0 days 09:30:01.712574225,6148170,33,278846,1,232600
1519,2,0 days 09:30:01.714594779,8438453,1,278853,1,63100
1519,2,0 days 09:30:01.714603030,8438453,67,278854,1,63100
1519,2,0 days 09:30:01.714623807,8438453,100,278855,1,63100
1519,2,0 days 09:30:01.715405022,8438453,32,278860,1,63100
5863,2,0 days 09:30:01.721075094,8008383,100,278903,1,4875
5863,2,0 days 09:30:01.730523657,8012391,510,278951,1,4880
13,2,0 days 09:30:01.731443862,8443981,1,278954,1,2894400
13,2,0 days 09:30:01.731478495,8443981,4,278955,1,2894400
13,4,0 days 09:30:01.731478495,8443985,2,278956,1,2894400
13,6,0 days 09:30:01.731478495,8443989,20,278957,1,2894400
13,8,0 days 09:30:01.731478495,8443993,1,278958,1,2894400
13,10,0 days 09:30:01.731478495,8443997,73,278959,1,2894400
13,2,0 days 09:30:01.731488846,8443997,27,278961,1,2894400
13,4,0 days 09:30:01.731488846,8444009,3,278962,1,2894400
13,2,0 days 09:30:01.731612076,8444009,82,278963,1,2894400
13,4,0 days 09:30:01.731612076,8444085,2,278964,1,2894400
5863,2,0 days 09:30:01.743117782,8012391,9076,279009,1,4880
5863,4,0 days 09:30:01.743117782,8012579,5410,279010,1,4880
5863,2,0 days 09:30:01.751378235,8012579,800,279018,1,4880
5708,2,0 days 09:30:01.755590777,8021319,10,279037,1,2359700
5708,2,0 days 09:30:01.756852722,8021883,20,279038,1,2358700
5708,2,0 days 09:30:01.757621574,8021947,14,279040,1,2358700
8474,2,0 days 09:30:01.760126036,10251324,4,279053,1,14000
5863,2,0 days 09:30:01.760869035,8012579,700,279054,1,4880
5555,2,0 days 09:30:01.764547866,7824019,87,279069,1,95300
7603,2,0 days 09:30:01.770358420,10280008,200,279089,1,42500
7603,2,0 days 09:30:01.770366205,10280008,189,279090,1,42500
7603,4,0 days 09:30:01.770366205,10280016,50,279091,1,42500
7603,6,0 days 09:30:01.770366205,10280020,30,279092,1,42500
7603,8,0 days 09:30:01.770366205,10280028,100,279093,1,42500
7603,10,0 days 09:30:01.770366205,10280032,1000,279094,1,42500
7603,2,0 days 09:30:01.770391811,10280036,30,279097,1,42300
7603,2,0 days 09:30:01.770400573,10280036,200,279098,1,42300
7603,2,0 days 09:30:01.770401504,10280036,200,279099,1,42300
7603,2,0 days 09:30:01.770403442,10280036,200,279100,1,42300
7603,2,0 days 09:30:01.770407628,10280036,2801,279101,1,42300
7603,2,0 days 09:30:01.770435072,10280088,30,279103,1,42500
5863,2,0 days 09:30:01.770608189,8012579,100,279104,1,4880
7603,2,0 days 09:30:01.770633512,10280088,1,279105,1,42500
7603,2,0 days 09:30:01.770769628,10280088,300,279107,1,42500
13,2,0 days 09:30:01.778344758,8456821,17,279132,1,2894900
8028,2,0 days 09:30:01.780434193,10282756,2875,279137,1,528800
8028,2,0 days 09:30:01.780490265,10282760,25,279140,1,530200
5291,2,0 days 09:30:01.782305260,8029119,2,279144,1,1589700
5291,2,0 days 09:30:01.782326074,8029127,10,279146,1,1589900
5291,2,0 days 09:30:01.782330424,8029127,42,279147,1,1589900
5291,4,0 days 09:30:01.782330424,8029131,10,279148,1,1589900
5291,2,0 days 09:30:01.782346723,8029143,4,279149,1,1589700
5291,2,0 days 09:30:01.782349711,8029143,15,279150,1,1589700
5291,2,0 days 09:30:01.782486834,8029143,277,279151,1,1589700
5291,2,0 days 09:30:01.782825385,8029143,30,279157,1,1589700
5291,2,0 days 09:30:01.782827945,8029143,230,279158,1,1589700
3471,2,0 days 09:30:01.783287290,6165642,300,279159,1,5000
5863,2,0 days 09:30:01.784076946,8012579,100,279162,1,4880
5863,2,0 days 09:30:01.793574399,8012579,200,279201,1,4880
2764,2,0 days 09:30:01.803859155,5818766,10800,279237,1,14400
3095,2,0 days 09:30:01.841949656,6180794,100,279466,1,327500
5754,2,0 days 09:30:01.855699014,8054235,56,279514,1,62600
2764,2,0 days 09:30:01.858833097,5818766,500,279533,1,14400
5291,2,0 days 09:30:01.869065286,8042059,45,279551,1,1589100
2737,2,0 days 09:30:01.878457595,6192330,164,279581,1,2078200
6066,2,0 days 09:30:01.881431009,8064163,200,279612,1,390500
13,2,0 days 09:30:01.884360073,8470745,30,279620,1,2894900
7611,2,0 days 09:30:01.955606693,10299148,10,279783,1,93600
6106,2,0 days 09:30:01.960982725,8090307,64,279797,1,61500
6106,2,0 days 09:30:01.962245132,8090739,75,279804,1,61100
6106,2,0 days 09:30:01.962266503,8090739,32,279805,1,61100
7106,2,0 days 09:30:01.967665034,8092799,4,279817,1,53500
6556,2,0 days 09:30:01.968117091,8078019,84,279818,1,2135300
6556,4,0 days 09:30:01.968117091,8078023,47,279819,1,2135300
6556,6,0 days 09:30:01.968117091,8078027,25,279820,1,2135300
7106,2,0 days 09:30:01.968118293,8092799,25,279821,1,53500
5863,2,0 days 09:30:01.982703972,8076455,100,279898,1,4888
5863,2,0 days 09:30:01.994213681,8076455,114,279931,1,4888
7603,2,0 days 09:30:01.994724230,10281508,100,279932,1,42600
5863,2,0 days 09:30:02.023044365,8076455,100,279988,1,4888
7615,2,0 days 09:30:02.043233536,10199688,100,280026,1,22900
7023,2,0 days 09:30:02.069582261,7641847,2,280077,1,500000
7603,2,0 days 09:30:02.081019535,10347312,300,280095,1,42700
7023,2,0 days 09:30:02.132825,7641847,60,280162,1,500000
7603,2,0 days 09:30:02.163528922,10362728,1786,280233,1,42800
7615,2,0 days 09:30:02.224872325,10360300,19,280303,1,22900
5776,2,0 days 09:30:02.266805622,7846567,400,280374,1,37400
7858,2,0 days 09:30:02.305542799,10222392,3,280405,1,161300
8905,2,0 days 09:30:02.305930387,10134644,1,280406,1,57000
7858,2,0 days 09:30:02.324440496,10222392,3,280423,1,161300
8905,2,0 days 09:30:02.327109900,10134644,1,280425,1,57000
7106,2,0 days 09:30:02.482806268,8092799,100,280582,1,53500
7106,2,0 days 09:30:02.482809366,8092799,76,280583,1,53500
4283,2,0 days 09:30:02.523487033,6079570,100,280611,1,45500
4283,2,0 days 09:30:02.524063193,6079570,100,280612,1,45500
4283,2,0 days 09:30:02.631746911,6079570,675,280698,1,45500
6118,2,0 days 09:30:02.688472886,7617971,1,280750,1,392900
7611,2,0 days 09:30:02.979945112,10417620,158,281230,1,93000
7611,2,0 days 09:30:02.980598283,10417620,1282,281231,1,93000
8905,2,0 days 09:30:03.012498756,10134644,11,281297,1,57000
6556,2,0 days 09:30:03.021388115,8194119,80,281309,1,2135300
6556,4,0 days 09:30:03.021388115,8194127,20,281310,1,2135300
8905,2,0 days 09:30:03.065228625,10134644,2,281380,1,57000
5863,2,0 days 09:30:03.068659155,8076455,200,281384,1,4888
5863,2,0 days 09:30:03.078262507,8076455,500,281388,1,4888
2263,2,0 days 09:30:03.088028702,6319110,100,281404,1,361600
2263,4,0 days 09:30:03.088028702,6319114,100,281405,1,361600
5863,2,0 days 09:30:03.117947165,8076455,400,281434,1,4888
5863,2,0 days 09:30:03.122385893,8076455,100,281437,1,4888
5863,2,0 days 09:30:03.122446343,8076455,100,281438,1,4888
5863,2,0 days 09:30:03.127842729,8076455,300,281441,1,4888
4449,2,0 days 09:30:03.177133122,6312570,100,281508,1,519700
6118,2,0 days 09:30:03.311341504,7617971,94,281674,1,392900
5863,2,0 days 09:30:03.431941492,8076455,900,281920,1,4888
5863,2,0 days 09:30:03.439771224,8076455,100,281924,1,4888
8905,2,0 days 09:30:03.476395145,10134644,2,281950,1,57000
5863,2,0 days 09:30:03.678218254,8076455,100,282180,1,4888
5863,2,0 days 09:30:03.721749343,8076455,100,282215,1,4888
5863,2,0 days 09:30:03.744917611,8076455,600,282235,1,4888
5863,2,0 days 09:30:03.752847669,8076455,100,282257,1,4888
8745,2,0 days 09:30:04.100115571,10474892,100,282719,1,309500
5537,2,0 days 09:30:04.209046156,8250359,100,282941,1,29200
5537,4,0 days 09:30:04.209046156,8250371,100,282942,1,29200
5537,2,0 days 09:30:04.209150583,8250411,1000,282949,1,29100
8510,2,0 days 09:30:04.330457532,10438604,100,283179,1,153600
8510,2,0 days 09:30:04.330682516,10438604,92,283180,1,153600
8510,2,0 days 09:30:04.461507386,10438604,100,283339,1,153600
8510,2,0 days 09:30:04.461718536,10438604,11,283340,1,153600
8510,2,0 days 09:30:04.465947939,10438604,100,283342,1,153600
8510,2,0 days 09:30:04.466292655,10438604,68,283344,1,153600
8510,2,0 days 09:30:04.466453430,10438604,14,283345,1,153600
8510,2,0 days 09:30:04.466614431,10438604,55,283346,1,153600
8510,2,0 days 09:30:04.471181719,10438604,100,283355,1,153600
8510,2,0 days 09:30:04.471447899,10438604,26,283356,1,153600
8510,2,0 days 09:30:04.476488332,10438604,100,283364,1,153600
8510,2,0 days 09:30:04.476799870,10438604,68,283365,1,153600
8510,2,0 days 09:30:04.478165388,10438604,100,283367,1,153600
8510,2,0 days 09:30:04.478381095,10438604,82,283368,1,153600
8510,2,0 days 09:30:04.484578603,10438604,100,283377,1,153600
8510,2,0 days 09:30:04.484783060,10438604,12,283378,1,153600
8510,2,0 days 09:30:04.485015094,10438604,14,283379,1,153600
8510,2,0 days 09:30:04.495110184,10438604,100,283397,1,153600
8510,2,0 days 09:30:04.495325554,10438604,110,283400,1,153600
8510,2,0 days 09:30:04.505146145,10438604,100,283416,1,153600
8510,2,0 days 09:30:04.505561930,10438604,95,283417,1,153600
8510,2,0 days 09:30:04.505666945,10438604,140,283418,1,153600
8905,2,0 days 09:30:04.541182482,10134644,2,283454,1,57000
8510,2,0 days 09:30:04.582761129,10438604,127,283523,1,153600
8510,2,0 days 09:30:04.587469402,10438604,127,283531,1,153600
5863,2,0 days 09:30:04.669647555,8076455,400,283687,1,4888
5863,2,0 days 09:30:04.670409241,8076455,2300,283688,1,4888
4449,2,0 days 09:30:04.984792995,6432018,100,284306,1,519700
8510,2,0 days 09:30:05.541761655,10438604,20,285022,1,153600
6556,2,0 days 09:30:05.647433223,8329603,100,285084,1,2135400
6556,4,0 days 09:30:05.647433223,8330771,200,285085,1,2135400
6556,2,0 days 09:30:05.647528779,8330771,139,285086,1,2135400
430,2,0 days 09:30:05.701784924,8759933,50,285255,1,261500
8510,2,0 days 09:30:05.740577749,10438604,100,285422,1,153600
8510,2,0 days 09:30:05.740816668,10438604,19,285423,1,153600
8510,2,0 days 09:30:05.741154186,10438604,28,285424,1,153600
8510,2,0 days 09:30:05.751850730,10438604,100,285433,1,153600
8510,2,0 days 09:30:05.752070326,10438604,40,285434,1,153600
7995,2,0 days 09:30:06.133587662,10582524,100,285715,1,585600
5537,2,0 days 09:30:06.153550582,8381943,100,285727,1,29200
5537,4,0 days 09:30:06.153550582,8381955,600,285728,1,29200
5537,2,0 days 09:30:06.158938056,8382175,600,285746,1,29200
7603,2,0 days 09:30:06.343359465,10588332,100,285802,1,44000
7745,2,0 days 09:30:06.387480565,10589456,4,285824,1,1436800
6815,2,0 days 09:30:06.472377973,8393755,50,285903,1,1373500
6815,2,0 days 09:30:06.472392652,8393755,50,285904,1,1373500
6815,2,0 days 09:30:06.472394468,8393755,188,285905,1,1373500
5863,2,0 days 09:30:06.649491371,8076455,300,286033,1,4888
8754,2,0 days 09:30:06.744978022,10603012,100,286084,1,641800
8754,2,0 days 09:30:06.744981379,10603012,100,286085,1,641800
5863,2,0 days 09:30:06.797343501,8403087,400,286103,1,4888
5863,2,0 days 09:30:06.805355526,8403087,300,286107,1,4888
6556,2,0 days 09:30:06.906618489,8403551,100,286173,1,2135300
5863,2,0 days 09:30:06.975524954,8413611,300,286196,1,4890
5863,2,0 days 09:30:06.983471180,8413611,200,286206,1,4890
8711,2,0 days 09:30:07.000337764,10610864,100,286216,1,112100
5863,2,0 days 09:30:07.010050588,8414711,300,286228,1,4900
5863,2,0 days 09:30:07.017798666,8414711,2400,286231,1,4900
5863,2,0 days 09:30:07.025465261,8414711,300,286245,1,4900
5863,2,0 days 09:30:07.064545235,8414711,248,286255,1,4900
554,2,0 days 09:30:07.306638255,8490033,100,286358,1,14200
554,2,0 days 09:30:07.308123608,8490033,500,286359,1,14200
554,2,0 days 09:30:07.308554175,8490033,450,286360,1,14200
5225,2,0 days 09:30:07.958247109,8236675,100,286696,1,363200
4315,2,0 days 09:30:08.284076204,6568694,300,286872,1,1661400
6248,2,0 days 09:30:08.760455539,8427047,100,287098,1,31100
6248,2,0 days 09:30:08.783960285,8427047,100,287101,1,31100
5537,4,0 days 09:30:08.918761940,8382511,100,287148,1,29200
5537,2,0 days 09:30:08.919527242,8471951,100,287156,1,29100
5537,2,0 days 09:30:08.924298521,8472255,40,287183,1,29100
5537,2,0 days 09:30:08.924666482,8472255,1,287184,1,29100
5537,2,0 days 09:30:08.927265189,8473187,600,287188,1,29100
5537,2,0 days 09:30:09.008651479,8475623,600,287219,1,29100
4315,2,0 days 09:30:09.322246987,6591538,100,287348,1,1661400
5452,2,0 days 09:30:09.348060220,8484227,46,287367,1,2420000
7603,4,0 days 09:30:09.717514697,10675348,100,287533,1,44900
7451,2,0 days 09:30:09.776822918,10677032,100,287625,1,3230900
6593,2,0 days 09:30:09.875837739,8496247,2,287670,1,188900
7302,2,0 days 09:30:10.140605817,10688280,100,287821,1,160400
7302,2,0 days 09:30:10.143139936,10688472,100,287828,1,160300
7302,2,0 days 09:30:10.144091504,10688472,100,287829,1,160300
7302,4,0 days 09:30:10.144091504,10688476,100,287830,1,160300
7302,6,0 days 09:30:10.144091504,10688484,100,287831,1,160300
8771,2,0 days 09:30:10.402646569,10697468,100,287969,1,235300
6846,2,0 days 09:30:10.410631094,8516679,100,288016,1,45800
2276,2,0 days 09:30:10.469219124,6609166,100,288115,1,46500
8754,2,0 days 09:30:10.508662679,10703248,100,288132,1,641900
8334,2,0 days 09:30:10.611093383,10303604,50,288184,1,63000
5537,2,0 days 09:30:10.647721449,8514427,100,288204,1,29000
25,2,0 days 09:30:10.701255836,8919309,300,288236,1,34200
5225,2,0 days 09:30:10.726638855,8236675,140,288240,1,363200
5225,2,0 days 09:30:10.726660623,8236675,100,288241,1,363200
5225,2,0 days 09:30:10.726668834,8236675,20,288242,1,363200
5225,2,0 days 09:30:10.726670193,8236675,40,288243,1,363200
2644,2,0 days 09:30:10.764095319,6644058,200,288427,1,228800
8334,2,0 days 09:30:10.833584267,10303604,116,288499,1,63000
2644,2,0 days 09:30:10.833703739,6644058,500,288500,1,228800
3194,2,0 days 09:30:10.911302751,6651742,400,288543,1,438800
3194,2,0 days 09:30:10.914209474,6651742,400,288547,1,438800
3194,2,0 days 09:30:10.917327663,6651742,300,288549,1,438800
992,2,0 days 09:30:10.935444743,8926321,400,288555,1,378200
6846,2,0 days 09:30:10.981834992,8537087,100,288640,1,45500
6846,2,0 days 09:30:10.981884810,8537163,100,288641,1,45500
7603,2,0 days 09:30:10.985297621,10718092,150,288647,1,44900
1406,2,0 days 09:30:11.001434380,8928545,100,288652,1,421700
6248,2,0 days 09:30:11.066477239,8427047,24,288682,1,31100
26,2,0 days 09:30:11.366579450,8930933,1000,288798,1,47300
5419,2,0 days 09:30:11.409921650,8538975,100,288808,1,29900
344,4,0 days 09:30:11.560374721,8941537,100,288896,1,461100
344,2,0 days 09:30:11.610899702,8942941,100,288938,1,460900
344,2,0 days 09:30:11.610951681,8942949,100,288939,1,460900
344,2,0 days 09:30:11.611010530,8942949,7,288940,1,460900
344,2,0 days 09:30:11.613927406,8942949,493,288942,1,460900
676,2,0 days 09:30:11.828863823,8947865,75,289113,1,1021500
676,2,0 days 09:30:11.833128494,8948069,75,289116,1,1020000
5225,2,0 days 09:30:11.959275631,8236675,100,289185,1,363200
4315,2,0 days 09:30:12.064003086,6681454,75,289225,1,1661400
7615,2,0 days 09:30:12.126307513,10737028,108,289285,1,23000
7781,1,0 days 09:30:12.145975256,10746928,100,289296,0,14400
8266,2,0 days 09:30:12.167733177,10747792,100,289307,1,132100
5419,2,0 days 09:30:12.168348732,8538991,100,289308,1,29900
5419,4,0 days 09:30:12.168348732,8549179,300,289309,1,29900
4937,2,0 days 09:30:12.574347998,8581443,100,289476,1,165500
5301,2,0 days 09:30:12.604206801,8581703,24,289490,1,177100
5301,4,0 days 09:30:12.604206801,8581711,76,289491,1,177100
344,2,0 days 09:30:12.613972202,8966673,100,289614,1,460000
5332,2,0 days 09:30:12.647288278,8582931,100,289631,1,537700
5332,4,0 days 09:30:12.647288278,8582939,100,289632,1,537700
5332,6,0 days 09:30:12.647288278,8582947,100,289633,1,537700
6248,2,0 days 09:30:12.870154347,8590635,100,289770,1,31100
6248,2,0 days 09:30:12.870203271,8590635,4,289771,1,31100
26,2,0 days 09:30:13.020884971,8930933,20,289835,1,47300
386,4,0 days 09:30:13.156540141,8980641,89,289953,1,505800
4234,2,0 days 09:30:13.157590809,6712678,100,289962,1,520000
8510,2,0 days 09:30:13.309474644,10781840,30,290061,1,153800
5263,2,0 days 09:30:13.362680340,8603147,44,290083,1,915000
6629,2,0 days 09:30:13.791802148,8611495,100,290310,1,130000
5332,2,0 days 09:30:14.042741287,8628007,100,290464,1,537700
5332,2,0 days 09:30:14.042777462,8628011,100,290465,1,537700
386,4,0 days 09:30:14.157283956,8980641,11,290628,1,505800
2326,2,0 days 09:30:14.577296661,6748646,3500,290766,1,451700
5419,2,0 days 09:30:14.994945253,8574575,100,290933,1,29900
8069,2,0 days 09:30:15.026315846,10839972,10,290984,1,213700
3461,2,0 days 09:30:15.165679041,6763934,73,291039,1,55000
4286,2,0 days 09:30:15.375280779,6409502,100,291058,1,92500
8771,2,0 days 09:30:15.577198036,10853288,100,291126,1,235400
5332,2,0 days 09:30:15.625923750,8669687,100,291159,1,537700
8882,2,0 days 09:30:15.712799650,10857504,200,291267,1,62500
4937,2,0 days 09:30:15.762398608,8672855,100,291284,1,165600
5332,2,0 days 09:30:15.848298572,8674499,100,291305,1,537700
8882,2,0 days 09:30:15.942891640,10859788,100,291377,1,62500
5225,2,0 days 09:30:15.960161702,8236675,100,291392,1,363200
5225,2,0 days 09:30:15.960236691,8236675,219,291393,1,363200
1528,2,0 days 09:30:16.160994786,9054405,28,291502,1,451300
7016,2,0 days 09:30:16.626274053,8677015,100,291684,1,771700
7016,2,0 days 09:30:16.636300352,8692635,100,291702,1,771700
4184,1,0 days 09:30:16.906953832,6809234,100,291861,0,600000
6521,2,0 days 09:30:16.919048806,8698995,100,291881,1,887500
7016,2,0 days 09:30:17.084966716,8692927,100,291963,1,771700
7016,2,0 days 09:30:17.085401356,8702339,100,291964,1,771700
7016,2,0 days 09:30:17.100118394,8702347,100,291965,1,771700
7016,2,0 days 09:30:17.100618691,8702615,30,291966,1,771700
2337,2,0 days 09:30:17.701562026,6824682,100,292205,1,697400
5667,2,0 days 09:30:17.759978985,8717831,18,292238,1,317600
8423,2,0 days 09:30:18.020671224,10846684,1300,292305,1,195500
6556,2,0 days 09:30:18.168854614,8726287,100,292345,1,2134500
7603,2,0 days 09:30:18.228279496,10911004,100,292375,1,44300
7603,2,0 days 09:30:18.228285693,10911004,100,292376,1,44300
7603,2,0 days 09:30:18.228308606,10911004,100,292377,1,44300
8771,6,0 days 09:30:19.199095793,10888328,40,292691,1,235400
7462,2,0 days 09:30:19.695761885,10927392,500,292784,1,221300
7462,4,0 days 09:30:19.695761885,10927400,500,292785,1,221300
7462,2,0 days 09:30:19.696261352,10927400,1000,292786,1,221300
7462,2,0 days 09:30:19.696630298,10927400,1000,292787,1,221300
7462,2,0 days 09:30:19.697036933,10927400,1000,292788,1,221300
7462,2,0 days 09:30:19.697398558,10927400,800,292789,1,221300
4315,2,0 days 09:30:20.007056572,6858786,100,292919,1,1660800
186,2,0 days 09:30:20.507852972,9113061,8,293074,1,179300
8574,2,0 days 09:30:20.541290792,10940740,100,293083,1,541500
8754,2,0 days 09:30:20.773612544,10956912,100,293168,1,642000
2856,2,0 days 09:30:20.922737878,6876650,100,293212,1,165700
2856,2,0 days 09:30:20.928171818,6876654,100,293213,1,165700
8711,2,0 days 09:30:21.770820934,10974284,100,293529,1,112100
6990,2,0 days 09:30:22.029571740,8802819,1,293706,1,99000
4184,2,0 days 09:30:22.658804166,6903962,100,294037,1,599300
3461,2,0 days 09:30:23.304592474,6763934,27,294204,1,55000
3628,2,0 days 09:30:23.465634992,6917006,600,294224,1,151800
1867,2,0 days 09:30:24.273243687,8946773,8,294433,1,234300
5537,2,0 days 09:30:24.693602120,8846875,200,294539,1,29100
5537,4,0 days 09:30:24.693602120,8846887,100,294540,1,29100
8754,2,0 days 09:30:25.509452599,11038144,100,294971,1,642100
1843,2,0 days 09:30:25.658135581,9205029,42,294999,1,1204900
7143,2,0 days 09:30:25.662370246,8865083,100,295012,1,82900
5537,2,0 days 09:30:26.000065121,8872415,98,295154,1,29100
5537,5,0 days 09:30:26.000065121,8872435,100,295155,1,29100
739,2,0 days 09:30:26.083688876,9211813,100,295244,1,470800
739,2,0 days 09:30:26.290677748,9211773,100,295404,1,470800
8742,2,0 days 09:30:26.794318066,11064956,100,295529,1,612800
8872,2,0 days 09:30:27.376277388,11081048,100,295847,1,50800
8744,2,0 days 09:30:27.749873293,11092040,100,296138,1,600300
2856,2,0 days 09:30:28.291302396,7003678,100,296353,1,165600
344,2,0 days 09:30:28.364081223,9253481,100,296397,1,459900
304,2,0 days 09:30:28.699339414,9252893,100,296567,1,262200
1157,2,0 days 09:30:28.848093281,9263449,7,296680,1,801700
7766,2,0 days 09:30:28.908834944,11114012,14,296703,1,98700
8860,2,0 days 09:30:29.080616975,11119700,100,296807,1,775000
4487,2,0 days 09:30:29.483114078,7012650,100,296916,1,1399000
1892,2,0 days 09:30:29.539094058,9275837,10,296956,1,590900
5850,4,0 days 09:30:29.696097665,8949379,100,297029,1,244300
4184,2,0 days 09:30:29.795544975,7037070,200,297157,1,599200
8744,2,0 days 09:30:29.826993700,11135092,100,297227,1,600300
8744,2,0 days 09:30:29.827015734,11135096,100,297228,1,600300
1291,2,0 days 09:30:30.033848069,9291313,281,297397,1,700700
3628,2,0 days 09:30:30.214003032,7044574,100,297482,1,151800
791,2,0 days 09:30:30.279605840,9301785,100,297504,1,98100
7960,2,0 days 09:30:30.444701583,11160064,100,297580,1,533000
3278,2,0 days 09:30:30.560293360,7026754,100,297633,1,415300
5274,2,0 days 09:30:30.562864326,8950731,100,297634,1,266200
8745,2,0 days 09:30:31.336448444,11143872,2000,297934,1,309000
5291,2,0 days 09:30:31.337005642,8992819,36,297937,1,1588700
5291,2,0 days 09:30:31.337012771,8992819,12,297938,1,1588700
5291,2,0 days 09:30:31.339291449,8992927,10,297945,1,1588700
4487,2,0 days 09:30:31.382446579,7073818,100,297970,1,1399100
5291,2,0 days 09:30:31.531231917,8996551,100,298100,1,1588000
8081,2,0 days 09:30:31.603489129,11178296,100,298127,1,301000
3884,2,0 days 09:30:32.114085613,7084698,100,298419,1,879700
3884,4,0 days 09:30:32.114085613,7084710,400,298420,1,879700
3884,6,0 days 09:30:32.114085613,7084714,100,298421,1,879700
3884,2,0 days 09:30:32.419060262,7089722,300,298680,1,879700
7034,2,0 days 09:30:32.546142361,9015099,100,298739,1,484000
5291,2,0 days 09:30:32.672292244,9016827,100,298786,1,1587600
5291,4,0 days 09:30:32.672292244,9016831,100,298787,1,1587600
7364,2,0 days 09:30:33.116897010,11206620,200,299001,1,209500
3592,2,0 days 09:30:33.678957575,7114450,20,299314,1,1000000
3592,2,0 days 09:30:33.678979172,7114450,4,299315,1,1000000
3592,2,0 days 09:30:33.678994195,7114450,60,299316,1,1000000
3592,2,0 days 09:30:33.679005556,7114450,15,299317,1,1000000
4487,2,0 days 09:30:34.068182725,7116806,100,299436,1,1399400
1157,2,0 days 09:30:34.127330799,9359825,100,299470,1,802200
8754,2,0 days 09:30:34.810331068,11188132,100,299685,1,642200
5534,2,0 days 09:30:34.932812145,9058455,100,299767,1,21800
7766,2,0 days 09:30:35.202563561,11240984,300,299840,1,98600
8574,2,0 days 09:30:35.297176151,11184472,100,299885,1,541500
7451,2,0 days 09:30:35.297577747,11244632,100,299891,1,3229500
1101,6,0 days 09:30:35.318044791,9384873,100,299922,1,429400
8745,2,0 days 09:30:35.481670709,11037828,100,299975,1,309100
688,2,0 days 09:30:35.699109292,9391209,100,300149,1,356100
4839,2,0 days 09:30:35.983262564,9081483,100,300243,1,610200
4378,2,0 days 09:30:36.949812672,7169966,100,300621,1,358500
688,4,0 days 09:30:37.714941101,9409573,100,300865,1,356000
6248,2,0 days 09:30:38.031541815,9116871,100,300981,1,31100
6248,4,0 days 09:30:38.031541815,9116879,424,300982,1,31100
6248,2,0 days 09:30:38.033027715,9116879,2500,300983,1,31100
1472,2,0 days 09:30:38.109020048,9426673,100,301029,1,688500
8028,2,0 days 09:30:38.219619855,11293452,400,301057,1,534200
2675,2,0 days 09:30:38.240205474,7133330,1200,301064,1,475700
4024,2,0 days 09:30:38.902111769,7188910,100,301497,1,540900
2804,2,0 days 09:30:39.131797238,7201394,100,301610,1,1528500
1867,2,0 days 09:30:39.132195076,8973093,200,301611,1,234300
1867,4,0 days 09:30:39.132195076,9113745,300,301612,1,234300
1867,6,0 days 09:30:39.132195076,9113925,300,301613,1,234300
13,2,0 days 09:30:39.384422044,9448161,100,301755,1,2889800
3628,2,0 days 09:30:39.738845691,7202114,100,301888,1,151900
6158,2,0 days 09:30:39.795339402,8737075,100,301916,1,149900
5332,2,0 days 09:30:40.425701504,9157971,100,302143,1,536700
8767,2,0 days 09:30:40.948224324,11340868,200,302316,1,700300
3958,2,0 days 09:30:40.982536936,7231554,100,302341,1,152200
3628,2,0 days 09:30:41.989843028,7202126,100,302722,1,151900
3628,2,0 days 09:30:41.999681302,7202126,900,302724,1,151900
7603,2,0 days 09:30:42.012800675,11356964,100,302729,1,45000
8771,2,0 days 09:30:42.602457904,11358468,120,302939,1,235100
8378,2,0 days 09:30:43.552114249,11379256,25,303217,1,144200
7603,2,0 days 09:30:43.604301033,11379632,50,303225,1,44100
8756,2,0 days 09:30:43.640484845,11381444,100,303240,1,1260900
7603,2,0 days 09:30:43.640537902,11379632,200,303241,1,44100
7603,2,0 days 09:30:43.641125518,11379632,300,303242,1,44100
8091,2,0 days 09:30:46.125870897,11191656,200,304140,1,126200
3816,2,0 days 09:30:46.446823969,7307210,100,304265,1,391700
3816,2,0 days 09:30:46.448783163,7307210,100,304267,1,391700
3816,2,0 days 09:30:46.451226880,7307214,200,304271,1,391700
8756,2,0 days 09:30:46.466609661,11426820,100,304281,1,1261000
2023,2,0 days 09:30:46.717426082,9561545,10,304343,1,1457700
7462,5,0 days 09:30:46.879043471,11393116,1400,304460,1,221500
496,2,0 days 09:30:46.883216785,9565925,23,304567,1,1622200
496,4,0 days 09:30:46.883216785,9565937,24,304568,1,1622200
2337,1,0 days 09:30:47.009237692,7322390,100,304714,0,697300
8429,2,0 days 09:30:47.019008451,11444956,100,304732,1,2966700
8429,2,0 days 09:30:47.022843671,11444956,68,304742,1,2966700
2778,6,0 days 09:30:47.361762348,7318566,4,304819,1,130800
7761,2,0 days 09:30:47.565091480,11456924,100,304875,1,690000
1730,2,0 days 09:30:48.312913255,9592849,100,305145,1,478400
5291,2,0 days 09:30:48.322903807,9278663,70,305148,1,1587900
5291,2,0 days 09:30:48.322906289,9278663,30,305149,1,1587900
5595,2,0 days 09:30:48.499198776,9284155,100,305184,1,36500
5595,2,0 days 09:30:48.507713477,9284155,200,305185,1,36500
5595,2,0 days 09:30:48.517830754,9284155,5,305188,1,36500
8063,2,0 days 09:30:48.965145333,11478892,100,305298,1,349000
5332,3,0 days 09:30:48.979107065,9292015,100,305302,1,536900
5754,2,0 days 09:30:49.491320204,9300083,200,305435,1,62700
5754,4,0 days 09:30:49.491320204,9300087,100,305436,1,62700
5754,6,0 days 09:30:49.491320204,9300103,200,305437,1,62700
8063,2,0 days 09:30:49.523911274,11479140,100,305463,1,349000
7879,2,0 days 09:30:49.530850570,11487996,100,305467,1,725100
5667,2,0 days 09:30:50.159509655,9310915,100,305663,1,316700
89,2,0 days 09:30:50.520742034,9624085,30,305846,1,3303000
89,4,0 days 09:30:50.520742034,9624089,45,305847,1,3303000
1637,2,0 days 09:30:51.109373963,9631053,34,305989,1,2942400
6,2,0 days 09:30:51.149364893,9630753,100,305998,1,284100
3453,2,0 days 09:30:51.298227890,7388770,34,306027,1,183900
3453,4,0 days 09:30:51.298227890,7388782,100,306028,1,183900
3453,6,0 days 09:30:51.298227890,7388786,800,306029,1,183900
3453,8,0 days 09:30:51.298227890,7388794,100,306030,1,183900
2678,1,0 days 09:30:51.468794019,7390810,100,306304,0,453400
5291,2,0 days 09:30:51.806239859,9320311,100,306397,1,1588700
4315,1,0 days 09:30:51.875431891,7396230,100,306426,0,1661000
2713,2,0 days 09:30:51.942551120,7397298,1800,306455,1,420100
2713,4,0 days 09:30:51.942551120,7397306,1700,306456,1,420100
7453,2,0 days 09:30:52.057054174,11530104,100,306526,1,393800
7453,2,0 days 09:30:52.057225557,11530128,100,306527,1,393800
21,2,0 days 09:30:52.123640199,9643217,10,306546,1,892100
21,2,0 days 09:30:52.127911281,9643217,90,306547,1,892100
6066,2,0 days 09:30:52.671141516,9352507,100,306768,1,392000
4024,2,0 days 09:30:53.448228657,7402030,100,307018,1,540700
8091,2,0 days 09:30:53.454213651,11191656,1519,307019,1,126200
4985,2,0 days 09:30:53.693127968,9365043,6,307123,1,1975200
7451,2,0 days 09:30:53.978002651,11565800,100,307341,1,3228500
7826,2,0 days 09:30:54.256628946,11539180,34,307490,1,1337500
7902,2,0 days 09:30:55.744268296,11597368,100,307905,1,553600
7902,2,0 days 09:30:55.744301718,11597368,100,307906,1,553600
7902,2,0 days 09:30:55.745047620,11597368,300,307908,1,553600
3444,2,0 days 09:30:56.054548080,7384674,200,308040,1,43500
8623,2,0 days 09:30:57.044144065,11633472,100,308295,1,68500
8623,2,0 days 09:30:57.045386932,11633472,200,308296,1,68500
1543,2,0 days 09:30:57.384264665,9723809,16,308407,1,95800
6058,2,0 days 09:30:57.549161809,9441631,100,308465,1,1214800
4619,2,0 days 09:30:57.770734577,7482782,100,308509,1,881500
7931,2,0 days 09:30:58.302325024,11633848,100,308644,1,875300
7931,2,0 days 09:30:58.314675741,11653208,100,308657,1,875400
8417,2,0 days 09:30:58.839889663,11545184,100,308790,1,920000
8417,2,0 days 09:30:58.839951994,11545184,100,308791,1,920000
8091,2,0 days 09:30:59.463132303,11191656,141,308943,1,126200
1892,2,0 days 09:30:59.476540192,9758309,100,308945,1,590400
2023,2,0 days 09:30:59.680940046,9762385,10,309027,1,1453000
2023,2,0 days 09:30:59.680983915,9762385,90,309028,1,1453000
6696,2,0 days 09:31:00.567046493,9524939,200,309528,1,172600
6696,4,0 days 09:31:00.567046493,9524943,100,309529,1,172600
6696,6,0 days 09:31:00.567046493,9524951,450,309530,1,172600
6696,2,0 days 09:31:00.570706099,9524951,300,309532,1,172600
6696,2,0 days 09:31:00.571911616,9524951,200,309533,1,172600
4573,2,0 days 09:31:00.784421713,7544634,100,309663,1,203900
4573,4,0 days 09:31:00.784421713,7544638,100,309664,1,203900
5148,1,0 days 09:31:00.972250466,9536843,100,309822,0,243700
5148,3,0 days 09:31:00.972250466,9536843,100,309823,0,243700
5148,5,0 days 09:31:00.972250466,9536843,100,309824,0,243700
4315,4,0 days 09:31:01.178933694,7553434,400,310087,1,1661900
1157,2,0 days 09:31:01.403790389,9805457,100,310231,1,802000
7302,2,0 days 09:31:01.536873934,11731160,100,310274,1,161400
5537,2,0 days 09:31:01.740470880,9558071,100,310400,1,29800
5537,2,0 days 09:31:01.744632053,9558079,100,310401,1,29800
5537,2,0 days 09:31:01.775435629,9558103,100,310406,1,29800
805,2,0 days 09:31:02.044125802,9831313,28,310528,1,261200
7167,2,0 days 09:31:02.308007957,9571987,100,310683,1,138100
688,2,0 days 09:31:02.311451652,9837145,24,310696,1,355300
5537,2,0 days 09:31:02.319129932,9573103,100,310707,1,29800
5537,2,0 days 09:31:02.319690626,9573107,200,310708,1,29800
332,2,0 days 09:31:02.498129946,9840949,2,310793,1,610800
5769,2,0 days 09:31:03.175883726,9595211,300,311155,1,31500
4649,2,0 days 09:31:03.943435952,7629194,100,311522,1,583600
8574,2,0 days 09:31:04.096488424,11788012,100,311598,1,541800
4990,2,0 days 09:31:04.663528229,9625775,100,311809,1,644000
4990,2,0 days 09:31:04.740850725,9627271,34,311861,1,644300
687,2,0 days 09:31:04.757729225,9888317,10,311949,1,2137100
687,4,0 days 09:31:04.757729225,9888321,40,311950,1,2137100
7931,3,0 days 09:31:04.760588685,11811768,200,311963,1,875200
7995,2,0 days 09:31:04.892823644,11814008,100,312150,1,584100
6629,2,0 days 09:31:04.904638135,9636399,100,312157,1,129500
4715,2,0 days 09:31:04.905945615,7641550,100,312161,1,183100
3800,2,0 days 09:31:05.099813034,7656714,200,312293,1,204700
7995,2,0 days 09:31:05.305223720,11814016,43,312324,1,584100
2764,2,0 days 09:31:05.583897973,7664862,148,312543,1,14100
3444,2,0 days 09:31:05.610614075,7465210,100,312560,1,43500
3444,2,0 days 09:31:05.650646491,7465210,100,312581,1,43500
6993,2,0 days 09:31:05.664176246,9651291,95,312628,1,209100
4341,2,0 days 09:31:05.664547034,7666854,276,312631,1,923600
4341,2,0 days 09:31:05.664584476,7666854,24,312632,1,923600
3444,2,0 days 09:31:05.700216970,7465210,100,312683,1,43500
1528,3,0 days 09:31:05.911907305,9914849,100,312797,1,451000
1528,5,0 days 09:31:05.911907305,9914853,200,312798,1,451000
1730,2,0 days 09:31:06.301533536,9922541,100,312918,1,478400
4315,2,0 days 09:31:06.464712604,7681290,200,312963,1,1660900
4315,2,0 days 09:31:06.494690239,7681290,100,312966,1,1660900
6815,2,0 days 09:31:07.147339443,9684671,75,313133,1,1380800
6815,2,0 days 09:31:07.147341462,9684671,25,313134,1,1380800
7018,2,0 days 09:31:07.163635544,9250795,100,313140,1,581500
6024,2,0 days 09:31:07.452521783,9691843,1300,313294,1,160600
6024,4,0 days 09:31:07.452521783,9691847,100,313295,1,160600
8754,2,0 days 09:31:07.642745378,11874312,100,313378,1,642300
8754,4,0 days 09:31:07.642745378,11874316,200,313379,1,642300
4151,1,0 days 09:31:07.996734382,7704570,100,313531,0,78300
2023,2,0 days 09:31:08.191972642,9948997,100,313619,1,1451600
5817,2,0 days 09:31:08.197289472,9707543,100,313652,1,417000
4193,2,0 days 09:31:08.199369391,7709514,100,313726,1,295400
5332,2,0 days 09:31:09.137174023,9733751,100,314223,1,537500
5332,4,0 days 09:31:09.137174023,9733791,100,314224,1,537500
3810,2,0 days 09:31:09.439452064,7736330,2,314277,1,491800
8745,2,0 days 09:31:09.504946583,11883216,1300,314290,1,309000
8482,2,0 days 09:31:09.717912835,11906612,200,314387,1,1642700
8482,4,0 days 09:31:09.717912835,11906620,200,314388,1,1642700
8482,6,0 days 09:31:09.717912835,11906624,100,314389,1,1642700
1263,2,0 days 09:31:10.018306400,9980125,100,314458,1,516000
1892,2,0 days 09:31:10.279725793,9984485,1,314546,1,589800
1892,4,0 days 09:31:10.279725793,9984489,1,314547,1,589800
8423,2,0 days 09:31:10.522272849,11698140,100,314678,1,195400
688,3,0 days 09:31:10.565350347,9986109,400,314694,1,355600
3444,2,0 days 09:31:10.653351169,7739894,100,314754,1,43400
8482,2,0 days 09:31:10.682440672,11906624,100,314781,1,1642700
8482,2,0 days 09:31:10.683463686,11906628,100,314784,1,1642700
1358,2,0 days 09:31:10.797662564,9995485,100,314811,1,6700
7454,2,0 days 09:31:10.864411828,11939992,100,314881,1,421000
7454,2,0 days 09:31:10.864472114,11939996,100,314882,1,421000
7454,2,0 days 09:31:10.864528929,11939996,100,314883,1,421000
7454,2,0 days 09:31:10.864589721,11939996,200,314884,1,421000
8482,2,0 days 09:31:11.127941646,11906628,100,315013,1,1642700
8482,4,0 days 09:31:11.127941646,11906632,200,315014,1,1642700
8482,6,0 days 09:31:11.127941646,11906640,200,315015,1,1642700
8482,2,0 days 09:31:11.269955876,11906640,200,315045,1,1642700
8482,4,0 days 09:31:11.269955876,11906644,200,315046,1,1642700
8482,6,0 days 09:31:11.269955876,11906648,100,315047,1,1642700
4221,2,0 days 09:31:11.371407748,7772290,100,315106,1,211900
2023,2,0 days 09:31:11.747542893,10011193,83,315286,1,1452500
8482,2,0 days 09:31:11.918799752,11906648,100,315353,1,1642700
5244,3,0 days 09:31:12.143141960,9785991,75,315479,1,257300
8623,2,0 days 09:31:12.534950372,11965288,200,315603,1,68600
4615,2,0 days 09:31:12.538010804,7788174,100,315662,1,211100
4615,4,0 days 09:31:12.538010804,7788178,100,315663,1,211100
4615,2,0 days 09:31:12.538256452,7788246,100,315665,1,211100
4867,2,0 days 09:31:12.539920279,9791931,100,315675,1,27800
4867,2,0 days 09:31:12.540186600,9791931,100,315676,1,27800
4867,4,0 days 09:31:12.540186600,9791939,300,315677,1,27800
2092,2,0 days 09:31:12.544789062,10025289,100,315714,1,69500
2092,4,0 days 09:31:12.544789062,10025297,100,315715,1,69500
6815,2,0 days 09:31:12.895231657,9802171,75,315869,1,1379500
6815,2,0 days 09:31:12.895235012,9802171,25,315870,1,1379500
6593,2,0 days 09:31:12.932808620,9803659,263,315910,1,187800
2023,2,0 days 09:31:13.263667611,10043385,83,316018,1,1452500
7551,2,0 days 09:31:13.632027159,11980712,200,316106,1,269500
7156,2,0 days 09:31:14.310291531,9840371,65,316365,1,378600
7156,4,0 days 09:31:14.310291531,9840375,21,316366,1,378600
5332,2,0 days 09:31:14.484715990,9842983,100,316415,1,537100
8482,2,0 days 09:31:14.700241974,12015152,200,316488,1,1642400
8515,2,0 days 09:31:15.065844188,12021940,100,316629,1,614700
130,2,0 days 09:31:15.534858841,10087965,100,316819,1,145200
5537,2,0 days 09:31:15.834527442,9863499,100,316936,1,30000
5537,4,0 days 09:31:15.834527442,9863507,200,316937,1,30000
5537,2,0 days 09:31:15.835255403,9863507,600,316938,1,30000
2778,2,0 days 09:31:16.005005490,7850346,200,317007,1,131200
2778,2,0 days 09:31:16.006429138,7850346,600,317009,1,131200
1654,2,0 days 09:31:16.042126348,10093481,100,317035,1,47400
7982,2,0 days 09:31:16.118279861,11970988,100,317082,1,224200
7721,2,0 days 09:31:16.133994315,12038312,100,317096,1,562200
4184,6,0 days 09:31:16.575271258,7428394,25,317181,1,598600
5965,2,0 days 09:31:16.582028830,9876651,100,317218,1,231400
4184,2,0 days 09:31:16.587238780,7428394,100,317226,1,598600
4184,2,0 days 09:31:16.587828630,7428394,109,317227,1,598600
1723,2,0 days 09:31:16.726627476,10102905,100,317262,1,496600
5537,2,0 days 09:31:16.821759394,9879319,100,317282,1,30200
7615,2,0 days 09:31:16.925737186,12048232,800,317309,1,23000
8711,2,0 days 09:31:16.998011289,12049488,100,317340,1,112700
8016,2,0 days 09:31:18.161037358,12066104,80,317669,1,1242600
5604,2,0 days 09:31:18.216761953,9900915,1,317681,1,706400
1654,2,0 days 09:31:18.238387065,10093481,200,317683,1,47400
7576,2,0 days 09:31:18.564120050,12072272,100,317772,1,595800
7261,2,0 days 09:31:18.566606611,12072420,50,317774,1,447500
7261,2,0 days 09:31:18.566643875,12072420,26,317775,1,447500
7261,2,0 days 09:31:18.566686005,12072424,76,317776,1,447500
6644,2,0 days 09:31:19.000203136,9911947,100,317899,1,599700
8417,2,0 days 09:31:19.251145591,12082176,35,318010,1,919700
5537,2,0 days 09:31:19.282554886,9915043,200,318034,1,30200
5604,2,0 days 09:31:19.385009928,9917367,1,318049,1,706400
7721,2,0 days 09:31:19.717801734,12089740,200,318141,1,562200
7721,2,0 days 09:31:19.717850723,12089780,200,318142,1,562200
7302,2,0 days 09:31:19.733034498,12071656,100,318158,1,161300
8417,2,0 days 09:31:20.173657991,12082176,65,318342,1,919700
8417,4,0 days 09:31:20.173657991,12082180,100,318343,1,919700
8417,6,0 days 09:31:20.173657991,12082184,85,318344,1,919700
8417,2,0 days 09:31:20.173660159,12082184,15,318345,1,919700
5537,2,0 days 09:31:20.416144172,9933371,42,318468,1,30300
5537,2,0 days 09:31:20.416680669,9933371,158,318469,1,30300
4095,2,0 days 09:31:20.593531082,7904858,100,318499,1,334000
5301,2,0 days 09:31:20.885064920,9923087,100,318597,1,177000
5301,2,0 days 09:31:20.885145699,9923099,100,318598,1,177000
7615,2,0 days 09:31:20.967872890,12048252,200,318626,1,23000
2778,2,0 days 09:31:21.225117826,7908530,100,318832,1,131300
4315,3,0 days 09:31:21.314679905,7914222,200,318861,1,1661300
688,2,0 days 09:31:21.760779952,10166477,1100,319033,1,355800
2778,2,0 days 09:31:21.880508454,7922770,100,319054,1,131200
2778,2,0 days 09:31:21.881709070,7922786,149,319055,1,131200
5537,2,0 days 09:31:21.991107587,9961187,50,319090,1,30200
8711,2,0 days 09:31:22.060805085,12133512,600,319121,1,112500
8279,3,0 days 09:31:22.327044479,12136168,400,319173,1,132600
8279,5,0 days 09:31:22.327044479,12136172,200,319174,1,132600
5537,2,0 days 09:31:22.665652756,9970139,100,319257,1,30200
5537,2,0 days 09:31:22.747138715,9970139,35,319285,1,30200
7603,2,0 days 09:31:22.763401964,12142508,100,319292,1,46800
8574,2,0 days 09:31:23.236830229,12137900,100,319522,1,542100
8266,2,0 days 09:31:23.315611338,12149772,60,319539,1,132800
8879,2,0 days 09:31:23.455105686,12152256,200,319569,1,665500
5537,2,0 days 09:31:23.474143558,9980711,35,319581,1,30300
4378,2,0 days 09:31:24.031130073,7951110,100,319801,1,359000
4221,2,0 days 09:31:24.503642896,7959910,200,320006,1,211800
251,2,0 days 09:31:25.608312134,10221637,2,320307,1,1297500
8754,10,0 days 09:31:25.720365572,10962872,100,320352,1,642000
7302,2,0 days 09:31:25.792398396,12195652,1000,320398,1,161300
2778,2,0 days 09:31:26.003531803,7922786,151,320445,1,131200
2778,4,0 days 09:31:26.003531803,7923030,49,320446,1,131200
4315,1,0 days 09:31:26.030458685,7975578,100,320452,0,1661500
5537,2,0 days 09:31:26.032667477,10024855,100,320454,1,30300
5023,2,0 days 09:31:26.426440334,9995711,100,320576,1,15500
5543,3,0 days 09:31:27.533571112,10042691,100,321004,1,1014200
3340,2,0 days 09:31:27.898422749,7996142,100,321107,1,659400
5146,2,0 days 09:31:28.009303939,10049343,26,321162,1,3751300
5146,2,0 days 09:31:28.009397088,10049367,7,321164,1,3751300
4315,2,0 days 09:31:28.009906602,7996842,70,321169,1,1661600
7451,4,0 days 09:31:28.704867752,12222848,100,321446,1,3228700
7451,2,0 days 09:31:28.706316019,12222848,200,321458,1,3228700
95,2,0 days 09:31:28.879931573,10174445,50,321519,1,463800
95,4,0 days 09:31:28.879931573,10199861,90,321520,1,463800
4315,2,0 days 09:31:29.307587069,8016986,300,321667,1,1661500
4315,2,0 days 09:31:29.308018258,8016986,100,321669,1,1661500
7261,2,0 days 09:31:31.567650727,12284864,50,322532,1,447500
7261,2,0 days 09:31:31.567659846,12284864,50,322533,1,447500
5332,2,0 days 09:31:32.189394616,10124315,100,322712,1,537500
6521,2,0 days 09:31:32.437796570,10129131,100,322825,1,885700
4016,2,0 days 09:31:32.557726341,8063694,100,322932,1,1103200
1867,2,0 days 09:31:32.611023218,9642717,56,322971,1,234300
5537,2,0 days 09:31:32.678094798,10133679,100,323027,1,30300
4315,2,0 days 09:31:32.685536049,8058706,300,323038,1,1661600
4315,2,0 days 09:31:32.685766902,8058706,100,323041,1,1661600
6104,2,0 days 09:31:32.689002839,10135871,72,323050,1,1369800
6104,4,0 days 09:31:32.689002839,10135879,128,323051,1,1369800
6104,2,0 days 09:31:32.689685291,10135879,100,323052,1,1369800
7548,2,0 days 09:31:32.865110814,12276728,99,323186,1,211300
4024,2,0 days 09:31:33.105123328,8074846,200,323320,1,540800
2249,2,0 days 09:31:33.349565412,10335989,50,323392,1,1082900
2249,2,0 days 09:31:33.349581048,10335989,50,323393,1,1082900
1404,2,0 days 09:31:33.500520403,10337589,100,323440,1,1115900
8482,2,0 days 09:31:33.597894009,12320900,100,323491,1,1642000
4024,2,0 days 09:31:33.636170230,8074846,800,323493,1,540800
4024,4,0 days 09:31:33.636170230,8074874,100,323494,1,540800
8482,2,0 days 09:31:33.650891480,12320900,100,323496,1,1642000
8482,2,0 days 09:31:33.652916077,12320900,66,323501,1,1642000
5537,2,0 days 09:31:34.318973813,10160975,200,323645,1,30500
5537,4,0 days 09:31:34.318973813,10160983,100,323646,1,30500
5537,2,0 days 09:31:34.437986461,10162355,300,323684,1,30500
2888,2,0 days 09:31:34.586792268,8093410,1,323738,1,1261200
1048,2,0 days 09:31:34.728713796,10352577,100,323828,1,123200
1263,2,0 days 09:31:34.757212266,10353537,100,323857,1,516100
1263,2,0 days 09:31:34.758222944,10353541,100,323860,1,516100
8482,2,0 days 09:31:36.230117964,12344856,156,324373,1,1642100
6442,2,0 days 09:31:36.276460099,10190739,100,324391,1,106100
6442,1,0 days 09:31:36.315268535,10191411,300,324404,0,106100
8697,2,0 days 09:31:37.420263784,12372720,48,324792,1,102600
5537,2,0 days 09:31:37.899453124,10209275,100,324893,1,30700
7877,2,0 days 09:31:37.965243675,12378668,100,324919,1,774400
6556,2,0 days 09:31:38.329295039,10214499,10,324981,1,2134400
4619,2,0 days 09:31:38.349756615,8131182,300,324992,1,883500
